@ARTICLE{2021ApJ...923...92N,
       author = {{Naidu}, Rohan P. and {Conroy}, Charlie and {Bonaca}, Ana and {Zaritsky}, Dennis and {Weinberger}, Rainer and {Ting}, Yuan-Sen and {Caldwell}, Nelson and {Tacchella}, Sandro and {Han}, Jiwon Jesse and {Speagle}, Joshua S. and {Cargile}, Phillip A.},
        title = "{Reconstructing the Last Major Merger of the Milky Way with the H3 Survey}",
      journal = {\apj},
     keywords = {598, 699, 1880, 1060, 1049, 608, 1031, 594, 1052, 1056, 1053, 1054, Astrophysics - Astrophysics of Galaxies},
         year = 2021,
        month = dec,
       volume = {923},
       number = {1},
          eid = {92},
        pages = {92},
          doi = {10.3847/1538-4357/ac2d2d},
archivePrefix = {arXiv},
       eprint = {2103.03251},
 primaryClass = {astro-ph.GA},
       adsurl = {https://ui.adsabs.harvard.edu/abs/2021ApJ...923...92N},
      adsnote = {Provided by the SAO/NASA Astrophysics Data System}
}

@ARTICLE{1990ApJ...356..359H,
       author = {{Hernquist}, Lars},
        title = "{An Analytical Model for Spherical Galaxies and Bulges}",
      journal = {\apj},
     keywords = {Computational Astrophysics, Elliptical Galaxies, Galactic Bulge, Galactic Structure, Astronomical Models, Astronomical Photometry, Brightness Distribution, Distribution Functions, Astrophysics, GALAXIES: PHOTOMETRY, GALAXIES: STRUCTURE},
         year = 1990,
        month = jun,
       volume = {356},
        pages = {359},
          doi = {10.1086/168845},
       adsurl = {https://ui.adsabs.harvard.edu/abs/1990ApJ...356..359H},
      adsnote = {Provided by the SAO/NASA Astrophysics Data System}
}

@ARTICLE{1996ApJ...462..563N,
       author = {{Navarro}, Julio F. and {Frenk}, Carlos S. and {White}, Simon D.~M.},
        title = "{The Structure of Cold Dark Matter Halos}",
      journal = {\apj},
     keywords = {COSMOLOGY: THEORY, COSMOLOGY: DARK MATTER, GALAXIES: HALOS, METHODS: NUMERICAL, Astrophysics},
         year = 1996,
        month = may,
       volume = {462},
        pages = {563},
          doi = {10.1086/177173},
archivePrefix = {arXiv},
       eprint = {astro-ph/9508025},
 primaryClass = {astro-ph},
       adsurl = {https://ui.adsabs.harvard.edu/abs/1996ApJ...462..563N},
      adsnote = {Provided by the SAO/NASA Astrophysics Data System}
}

@ARTICLE{2023MNRAS.tmp.2070B,
       author = {{Barbani}, Filippo and {Pascale}, Raffaele and {Marinacci}, Federico and {Sales}, Laura V. and {Vogelsberger}, Mark and {Torrey}, Paul and {Li}, Hui},
        title = "{Galactic coronae in Milky Way-like galaxies: the role of stellar feedback in gas accretion}",
      journal = {\mnras},
     keywords = {methods: numerical, galaxies: evolution, galaxies: spiral, galaxies: star formation, galaxies: ISM, Astrophysics - Astrophysics of Galaxies},
         year = 2023,
        month = jul,
          doi = {10.1093/mnras/stad2152},
archivePrefix = {arXiv},
       eprint = {2306.11791},
 primaryClass = {astro-ph.GA},
       adsurl = {https://ui.adsabs.harvard.edu/abs/2023MNRAS.tmp.2070B},
      adsnote = {Provided by the SAO/NASA Astrophysics Data System}
}

@ARTICLE{2014AA...571A..16P,
       author = {{Planck Collaboration} and {Ade}, P.~A.~R. and {Aghanim}, N. and {Armitage-Caplan}, C. and {Arnaud}, M. and {Ashdown}, M. and {Atrio-Barandela}, F. and {Aumont}, J. and {Baccigalupi}, C. and {Banday}, A.~J. and {Barreiro}, R.~B. and {Bartlett}, J.~G. and {Battaner}, E. and {Benabed}, K. and {Beno{\^\i}t}, A. and {Benoit-L{\'e}vy}, A. and {Bernard}, J. -P. and {Bersanelli}, M. and {Bielewicz}, P. and {Bobin}, J. and {Bock}, J.~J. and {Bonaldi}, A. and {Bond}, J.~R. and {Borrill}, J. and {Bouchet}, F.~R. and {Bridges}, M. and {Bucher}, M. and {Burigana}, C. and {Butler}, R.~C. and {Calabrese}, E. and {Cappellini}, B. and {Cardoso}, J. -F. and {Catalano}, A. and {Challinor}, A. and {Chamballu}, A. and {Chary}, R. -R. and {Chen}, X. and {Chiang}, H.~C. and {Chiang}, L. -Y. and {Christensen}, P.~R. and {Church}, S. and {Clements}, D.~L. and {Colombi}, S. and {Colombo}, L.~P.~L. and {Couchot}, F. and {Coulais}, A. and {Crill}, B.~P. and {Curto}, A. and {Cuttaia}, F. and {Danese}, L. and {Davies}, R.~D. and {Davis}, R.~J. and {de Bernardis}, P. and {de Rosa}, A. and {de Zotti}, G. and {Delabrouille}, J. and {Delouis}, J. -M. and {D{\'e}sert}, F. -X. and {Dickinson}, C. and {Diego}, J.~M. and {Dolag}, K. and {Dole}, H. and {Donzelli}, S. and {Dor{\'e}}, O. and {Douspis}, M. and {Dunkley}, J. and {Dupac}, X. and {Efstathiou}, G. and {Elsner}, F. and {En{\ss}lin}, T.~A. and {Eriksen}, H.~K. and {Finelli}, F. and {Forni}, O. and {Frailis}, M. and {Fraisse}, A.~A. and {Franceschi}, E. and {Gaier}, T.~C. and {Galeotta}, S. and {Galli}, S. and {Ganga}, K. and {Giard}, M. and {Giardino}, G. and {Giraud-H{\'e}raud}, Y. and {Gjerl{\o}w}, E. and {Gonz{\'a}lez-Nuevo}, J. and {G{\'o}rski}, K.~M. and {Gratton}, S. and {Gregorio}, A. and {Gruppuso}, A. and {Gudmundsson}, J.~E. and {Haissinski}, J. and {Hamann}, J. and {Hansen}, F.~K. and {Hanson}, D. and {Harrison}, D. and {Henrot-Versill{\'e}}, S. and {Hern{\'a}ndez-Monteagudo}, C. and {Herranz}, D. and {Hildebrandt}, S.~R. and {Hivon}, E. and {Hobson}, M. and {Holmes}, W.~A. and {Hornstrup}, A. and {Hou}, Z. and {Hovest}, W. and {Huffenberger}, K.~M. and {Jaffe}, A.~H. and {Jaffe}, T.~R. and {Jewell}, J. and {Jones}, W.~C. and {Juvela}, M. and {Keih{\"a}nen}, E. and {Keskitalo}, R. and {Kisner}, T.~S. and {Kneissl}, R. and {Knoche}, J. and {Knox}, L. and {Kunz}, M. and {Kurki-Suonio}, H. and {Lagache}, G. and {L{\"a}hteenm{\"a}ki}, A. and {Lamarre}, J. -M. and {Lasenby}, A. and {Lattanzi}, M. and {Laureijs}, R.~J. and {Lawrence}, C.~R. and {Leach}, S. and {Leahy}, J.~P. and {Leonardi}, R. and {Le{\'o}n-Tavares}, J. and {Lesgourgues}, J. and {Lewis}, A. and {Liguori}, M. and {Lilje}, P.~B. and {Linden-V{\o}rnle}, M. and {L{\'o}pez-Caniego}, M. and {Lubin}, P.~M. and {Mac{\'\i}as-P{\'e}rez}, J.~F. and {Maffei}, B. and {Maino}, D. and {Mandolesi}, N. and {Maris}, M. and {Marshall}, D.~J. and {Martin}, P.~G. and {Mart{\'\i}nez-Gonz{\'a}lez}, E. and {Masi}, S. and {Massardi}, M. and {Matarrese}, S. and {Matthai}, F. and {Mazzotta}, P. and {Meinhold}, P.~R. and {Melchiorri}, A. and {Melin}, J. -B. and {Mendes}, L. and {Menegoni}, E. and {Mennella}, A. and {Migliaccio}, M. and {Millea}, M. and {Mitra}, S. and {Miville-Desch{\^e}nes}, M. -A. and {Moneti}, A. and {Montier}, L. and {Morgante}, G. and {Mortlock}, D. and {Moss}, A. and {Munshi}, D. and {Murphy}, J.~A. and {Naselsky}, P. and {Nati}, F. and {Natoli}, P. and {Netterfield}, C.~B. and {N{\o}rgaard-Nielsen}, H.~U. and {Noviello}, F. and {Novikov}, D. and {Novikov}, I. and {O'Dwyer}, I.~J. and {Osborne}, S. and {Oxborrow}, C.~A. and {Paci}, F. and {Pagano}, L. and {Pajot}, F. and {Paladini}, R. and {Paoletti}, D. and {Partridge}, B. and {Pasian}, F. and {Patanchon}, G. and {Pearson}, D. and {Pearson}, T.~J. and {Peiris}, H.~V. and {Perdereau}, O. and {Perotto}, L. and {Perrotta}, F. and {Pettorino}, V. and {Piacentini}, F. and {Piat}, M. and {Pierpaoli}, E. and {Pietrobon}, D. and {Plaszczynski}, S. and {Platania}, P. and {Pointecouteau}, E. and {Polenta}, G. and {Ponthieu}, N. and {Popa}, L. and {Poutanen}, T. and {Pratt}, G.~W. and {Pr{\'e}zeau}, G. and {Prunet}, S. and {Puget}, J. -L. and {Rachen}, J.~P. and {Reach}, W.~T. and {Rebolo}, R. and {Reinecke}, M. and {Remazeilles}, M. and {Renault}, C. and {Ricciardi}, S. and {Riller}, T. and {Ristorcelli}, I. and {Rocha}, G. and {Rosset}, C. and {Roudier}, G. and {Rowan-Robinson}, M. and {Rubi{\~n}o-Mart{\'\i}n}, J.~A. and {Rusholme}, B. and {Sandri}, M. and {Santos}, D. and {Savelainen}, M. and {Savini}, G. and {Scott}, D. and {Seiffert}, M.~D. and {Shellard}, E.~P.~S. and {Spencer}, L.~D. and {Starck}, J. -L. and {Stolyarov}, V. and {Stompor}, R. and {Sudiwala}, R. and {Sunyaev}, R. and {Sureau}, F. and {Sutton}, D. and {Suur-Uski}, A. -S. and {Sygnet}, J. -F. and {Tauber}, J.~A. and {Tavagnacco}, D. and {Terenzi}, L. and {Toffolatti}, L. and {Tomasi}, M. and {Tristram}, M. and {Tucci}, M. and {Tuovinen}, J. and {T{\"u}rler}, M. and {Umana}, G. and {Valenziano}, L. and {Valiviita}, J. and {Van Tent}, B. and {Vielva}, P. and {Villa}, F. and {Vittorio}, N. and {Wade}, L.~A. and {Wandelt}, B.~D. and {Wehus}, I.~K. and {White}, M. and {White}, S.~D.~M. and {Wilkinson}, A. and {Yvon}, D. and {Zacchei}, A. and {Zonca}, A.},
        title = "{Planck 2013 results. XVI. Cosmological parameters}",
      journal = {\aap},
     keywords = {cosmic background radiation, cosmological parameters, early Universe, inflation, primordial nucleosynthesis, Astrophysics - Cosmology and Nongalactic Astrophysics},
         year = 2014,
        month = nov,
       volume = {571},
          eid = {A16},
        pages = {A16},
          doi = {10.1051/0004-6361/201321591},
archivePrefix = {arXiv},
       eprint = {1303.5076},
 primaryClass = {astro-ph.CO},
       adsurl = {https://ui.adsabs.harvard.edu/abs/2014A&A...571A..16P},
      adsnote = {Provided by the SAO/NASA Astrophysics Data System}
}

@ARTICLE{2013MNRAS.435.1426G,
       author = {{Genel}, Shy and {Vogelsberger}, Mark and {Nelson}, Dylan and {Sijacki}, Debora and {Springel}, Volker and {Hernquist}, Lars},
        title = "{Following the flow: tracer particles in astrophysical fluid simulations}",
      journal = {\mnras},
     keywords = {hydrodynamics, turbulence, methods: numerical, methods: statistical, galaxies: formation, cosmology: theory, Astrophysics - Instrumentation and Methods for Astrophysics, Astrophysics - Cosmology and Extragalactic Astrophysics, Physics - Fluid Dynamics},
         year = 2013,
        month = oct,
       volume = {435},
       number = {2},
        pages = {1426-1442},
          doi = {10.1093/mnras/stt1383},
archivePrefix = {arXiv},
       eprint = {1305.2195},
 primaryClass = {astro-ph.IM},
       adsurl = {https://ui.adsabs.harvard.edu/abs/2013MNRAS.435.1426G},
      adsnote = {Provided by the SAO/NASA Astrophysics Data System}
}

@ARTICLE{2019ApJ...883..177N,
       author = {{Ness}, M.~K. and {Johnston}, K.~V. and {Blancato}, K. and {Rix}, H. -W. and {Beane}, A. and {Bird}, J.~C. and {Hawkins}, K.},
        title = "{In the Galactic Disk, Stellar [Fe/H] and Age Predict Orbits and Precise [X/Fe]}",
      journal = {\apj},
     keywords = {Milky Way disk, Milky Way evolution, Milky Way formation, Milky Way Galaxy, 1050, 1052, 1053, 1054, Astrophysics - Solar and Stellar Astrophysics, Astrophysics - Astrophysics of Galaxies},
         year = 2019,
        month = oct,
       volume = {883},
       number = {2},
          eid = {177},
        pages = {177},
          doi = {10.3847/1538-4357/ab3e3c},
archivePrefix = {arXiv},
       eprint = {1907.10606},
 primaryClass = {astro-ph.SR},
       adsurl = {https://ui.adsabs.harvard.edu/abs/2019ApJ...883..177N},
      adsnote = {Provided by the SAO/NASA Astrophysics Data System}
}

@ARTICLE{2016AJ....151..144G,
       author = {{Garc{\'\i}a P{\'e}rez}, Ana E. and {Allende Prieto}, Carlos and {Holtzman}, Jon A. and {Shetrone}, Matthew and {M{\'e}sz{\'a}ros}, Szabolcs and {Bizyaev}, Dmitry and {Carrera}, Ricardo and {Cunha}, Katia and {Garc{\'\i}a-Hern{\'a}ndez}, D.~A. and {Johnson}, Jennifer A. and {Majewski}, Steven R. and {Nidever}, David L. and {Schiavon}, Ricardo P. and {Shane}, Neville and {Smith}, Verne V. and {Sobeck}, Jennifer and {Troup}, Nicholas and {Zamora}, Olga and {Weinberg}, David H. and {Bovy}, Jo and {Eisenstein}, Daniel J. and {Feuillet}, Diane and {Frinchaboy}, Peter M. and {Hayden}, Michael R. and {Hearty}, Fred R. and {Nguyen}, Duy C. and {O'Connell}, Robert W. and {Pinsonneault}, Marc H. and {Wilson}, John C. and {Zasowski}, Gail},
        title = "{ASPCAP: The APOGEE Stellar Parameter and Chemical Abundances Pipeline}",
      journal = {\aj},
     keywords = {Galaxy: center, Galaxy: structure, methods: data analysis, stars: abundances, stars: atmospheres, Astrophysics - Solar and Stellar Astrophysics},
         year = 2016,
        month = jun,
       volume = {151},
       number = {6},
          eid = {144},
        pages = {144},
          doi = {10.3847/0004-6256/151/6/144},
archivePrefix = {arXiv},
       eprint = {1510.07635},
 primaryClass = {astro-ph.SR},
       adsurl = {https://ui.adsabs.harvard.edu/abs/2016AJ....151..144G},
      adsnote = {Provided by the SAO/NASA Astrophysics Data System}
}

@ARTICLE{2016AA...595A...1G,
       author = {{Gaia Collaboration} and {Prusti}, T. and {de Bruijne}, J.~H.~J. and {Brown}, A.~G.~A. and {Vallenari}, A. and {Babusiaux}, C. and {Bailer-Jones}, C.~A.~L. and {Bastian}, U. and {Biermann}, M. and {Evans}, D.~W. and {Eyer}, L. and {Jansen}, F. and {Jordi}, C. and {Klioner}, S.~A. and {Lammers}, U. and {Lindegren}, L. and {Luri}, X. and {Mignard}, F. and {Milligan}, D.~J. and {Panem}, C. and {Poinsignon}, V. and {Pourbaix}, D. and {Randich}, S. and {Sarri}, G. and {Sartoretti}, P. and {Siddiqui}, H.~I. and {Soubiran}, C. and {Valette}, V. and {van Leeuwen}, F. and {Walton}, N.~A. and {Aerts}, C. and {Arenou}, F. and {Cropper}, M. and {Drimmel}, R. and {H{\o}g}, E. and {Katz}, D. and {Lattanzi}, M.~G. and {O'Mullane}, W. and {Grebel}, E.~K. and {Holland}, A.~D. and {Huc}, C. and {Passot}, X. and {Bramante}, L. and {Cacciari}, C. and {Casta{\~n}eda}, J. and {Chaoul}, L. and {Cheek}, N. and {De Angeli}, F. and {Fabricius}, C. and {Guerra}, R. and {Hern{\'a}ndez}, J. and {Jean-Antoine-Piccolo}, A. and {Masana}, E. and {Messineo}, R. and {Mowlavi}, N. and {Nienartowicz}, K. and {Ord{\'o}{\~n}ez-Blanco}, D. and {Panuzzo}, P. and {Portell}, J. and {Richards}, P.~J. and {Riello}, M. and {Seabroke}, G.~M. and {Tanga}, P. and {Th{\'e}venin}, F. and {Torra}, J. and {Els}, S.~G. and {Gracia-Abril}, G. and {Comoretto}, G. and {Garcia-Reinaldos}, M. and {Lock}, T. and {Mercier}, E. and {Altmann}, M. and {Andrae}, R. and {Astraatmadja}, T.~L. and {Bellas-Velidis}, I. and {Benson}, K. and {Berthier}, J. and {Blomme}, R. and {Busso}, G. and {Carry}, B. and {Cellino}, A. and {Clementini}, G. and {Cowell}, S. and {Creevey}, O. and {Cuypers}, J. and {Davidson}, M. and {De Ridder}, J. and {de Torres}, A. and {Delchambre}, L. and {Dell'Oro}, A. and {Ducourant}, C. and {Fr{\'e}mat}, Y. and {Garc{\'\i}a-Torres}, M. and {Gosset}, E. and {Halbwachs}, J. -L. and {Hambly}, N.~C. and {Harrison}, D.~L. and {Hauser}, M. and {Hestroffer}, D. and {Hodgkin}, S.~T. and {Huckle}, H.~E. and {Hutton}, A. and {Jasniewicz}, G. and {Jordan}, S. and {Kontizas}, M. and {Korn}, A.~J. and {Lanzafame}, A.~C. and {Manteiga}, M. and {Moitinho}, A. and {Muinonen}, K. and {Osinde}, J. and {Pancino}, E. and {Pauwels}, T. and {Petit}, J. -M. and {Recio-Blanco}, A. and {Robin}, A.~C. and {Sarro}, L.~M. and {Siopis}, C. and {Smith}, M. and {Smith}, K.~W. and {Sozzetti}, A. and {Thuillot}, W. and {van Reeven}, W. and {Viala}, Y. and {Abbas}, U. and {Abreu Aramburu}, A. and {Accart}, S. and {Aguado}, J.~J. and {Allan}, P.~M. and {Allasia}, W. and {Altavilla}, G. and {{\'A}lvarez}, M.~A. and {Alves}, J. and {Anderson}, R.~I. and {Andrei}, A.~H. and {Anglada Varela}, E. and {Antiche}, E. and {Antoja}, T. and {Ant{\'o}n}, S. and {Arcay}, B. and {Atzei}, A. and {Ayache}, L. and {Bach}, N. and {Baker}, S.~G. and {Balaguer-N{\'u}{\~n}ez}, L. and {Barache}, C. and {Barata}, C. and {Barbier}, A. and {Barblan}, F. and {Baroni}, M. and {Barrado y Navascu{\'e}s}, D. and {Barros}, M. and {Barstow}, M.~A. and {Becciani}, U. and {Bellazzini}, M. and {Bellei}, G. and {Bello Garc{\'\i}a}, A. and {Belokurov}, V. and {Bendjoya}, P. and {Berihuete}, A. and {Bianchi}, L. and {Bienaym{\'e}}, O. and {Billebaud}, F. and {Blagorodnova}, N. and {Blanco-Cuaresma}, S. and {Boch}, T. and {Bombrun}, A. and {Borrachero}, R. and {Bouquillon}, S. and {Bourda}, G. and {Bouy}, H. and {Bragaglia}, A. and {Breddels}, M.~A. and {Brouillet}, N. and {Br{\"u}semeister}, T. and {Bucciarelli}, B. and {Budnik}, F. and {Burgess}, P. and {Burgon}, R. and {Burlacu}, A. and {Busonero}, D. and {Buzzi}, R. and {Caffau}, E. and {Cambras}, J. and {Campbell}, H. and {Cancelliere}, R. and {Cantat-Gaudin}, T. and {Carlucci}, T. and {Carrasco}, J.~M. and {Castellani}, M. and {Charlot}, P. and {Charnas}, J. and {Charvet}, P. and {Chassat}, F. and {Chiavassa}, A. and {Clotet}, M. and {Cocozza}, G. and {Collins}, R.~S. and {Collins}, P. and {Costigan}, G. and {Crifo}, F. and {Cross}, N.~J.~G. and {Crosta}, M. and {Crowley}, C. and {Dafonte}, C. and {Damerdji}, Y. and {Dapergolas}, A. and {David}, P. and {David}, M. and {De Cat}, P. and {de Felice}, F. and {de Laverny}, P. and {De Luise}, F. and {De March}, R. and {de Martino}, D. and {de Souza}, R. and {Debosscher}, J. and {del Pozo}, E. and {Delbo}, M. and {Delgado}, A. and {Delgado}, H.~E. and {di Marco}, F. and {Di Matteo}, P. and {Diakite}, S. and {Distefano}, E. and {Dolding}, C. and {Dos Anjos}, S. and {Drazinos}, P. and {Dur{\'a}n}, J. and {Dzigan}, Y. and {Ecale}, E. and {Edvardsson}, B. and {Enke}, H. and {Erdmann}, M. and {Escolar}, D. and {Espina}, M. and {Evans}, N.~W. and {Eynard Bontemps}, G. and {Fabre}, C. and {Fabrizio}, M. and {Faigler}, S. and {Falc{\~a}o}, A.~J. and {Farr{\`a}s Casas}, M. and {Faye}, F. and {Federici}, L. and {Fedorets}, G. and {Fern{\'a}ndez-Hern{\'a}ndez}, J. and {Fernique}, P. and {Fienga}, A. and {Figueras}, F. and {Filippi}, F. and {Findeisen}, K. and {Fonti}, A. and {Fouesneau}, M. and {Fraile}, E. and {Fraser}, M. and {Fuchs}, J. and {Furnell}, R. and {Gai}, M. and {Galleti}, S. and {Galluccio}, L. and {Garabato}, D. and {Garc{\'\i}a-Sedano}, F. and {Gar{\'e}}, P. and {Garofalo}, A. and {Garralda}, N. and {Gavras}, P. and {Gerssen}, J. and {Geyer}, R. and {Gilmore}, G. and {Girona}, S. and {Giuffrida}, G. and {Gomes}, M. and {Gonz{\'a}lez-Marcos}, A. and {Gonz{\'a}lez-N{\'u}{\~n}ez}, J. and {Gonz{\'a}lez-Vidal}, J.~J. and {Granvik}, M. and {Guerrier}, A. and {Guillout}, P. and {Guiraud}, J. and {G{\'u}rpide}, A. and {Guti{\'e}rrez-S{\'a}nchez}, R. and {Guy}, L.~P. and {Haigron}, R. and {Hatzidimitriou}, D. and {Haywood}, M. and {Heiter}, U. and {Helmi}, A. and {Hobbs}, D. and {Hofmann}, W. and {Holl}, B. and {Holland}, G. and {Hunt}, J.~A.~S. and {Hypki}, A. and {Icardi}, V. and {Irwin}, M. and {Jevardat de Fombelle}, G. and {Jofr{\'e}}, P. and {Jonker}, P.~G. and {Jorissen}, A. and {Julbe}, F. and {Karampelas}, A. and {Kochoska}, A. and {Kohley}, R. and {Kolenberg}, K. and {Kontizas}, E. and {Koposov}, S.~E. and {Kordopatis}, G. and {Koubsky}, P. and {Kowalczyk}, A. and {Krone-Martins}, A. and {Kudryashova}, M. and {Kull}, I. and {Bachchan}, R.~K. and {Lacoste-Seris}, F. and {Lanza}, A.~F. and {Lavigne}, J. -B. and {Le Poncin-Lafitte}, C. and {Lebreton}, Y. and {Lebzelter}, T. and {Leccia}, S. and {Leclerc}, N. and {Lecoeur-Taibi}, I. and {Lemaitre}, V. and {Lenhardt}, H. and {Leroux}, F. and {Liao}, S. and {Licata}, E. and {Lindstr{\o}m}, H.~E.~P. and {Lister}, T.~A. and {Livanou}, E. and {Lobel}, A. and {L{\"o}ffler}, W. and {L{\'o}pez}, M. and {Lopez-Lozano}, A. and {Lorenz}, D. and {Loureiro}, T. and {MacDonald}, I. and {Magalh{\~a}es Fernandes}, T. and {Managau}, S. and {Mann}, R.~G. and {Mantelet}, G. and {Marchal}, O. and {Marchant}, J.~M. and {Marconi}, M. and {Marie}, J. and {Marinoni}, S. and {Marrese}, P.~M. and {Marschalk{\'o}}, G. and {Marshall}, D.~J. and {Mart{\'\i}n-Fleitas}, J.~M. and {Martino}, M. and {Mary}, N. and {Matijevi{\v{c}}}, G. and {Mazeh}, T. and {McMillan}, P.~J. and {Messina}, S. and {Mestre}, A. and {Michalik}, D. and {Millar}, N.~R. and {Miranda}, B.~M.~H. and {Molina}, D. and {Molinaro}, R. and {Molinaro}, M. and {Moln{\'a}r}, L. and {Moniez}, M. and {Montegriffo}, P. and {Monteiro}, D. and {Mor}, R. and {Mora}, A. and {Morbidelli}, R. and {Morel}, T. and {Morgenthaler}, S. and {Morley}, T. and {Morris}, D. and {Mulone}, A.~F. and {Muraveva}, T. and {Musella}, I. and {Narbonne}, J. and {Nelemans}, G. and {Nicastro}, L. and {Noval}, L. and {Ord{\'e}novic}, C. and {Ordieres-Mer{\'e}}, J. and {Osborne}, P. and {Pagani}, C. and {Pagano}, I. and {Pailler}, F. and {Palacin}, H. and {Palaversa}, L. and {Parsons}, P. and {Paulsen}, T. and {Pecoraro}, M. and {Pedrosa}, R. and {Pentik{\"a}inen}, H. and {Pereira}, J. and {Pichon}, B. and {Piersimoni}, A.~M. and {Pineau}, F. -X. and {Plachy}, E. and {Plum}, G. and {Poujoulet}, E. and {Pr{\v{s}}a}, A. and {Pulone}, L. and {Ragaini}, S. and {Rago}, S. and {Rambaux}, N. and {Ramos-Lerate}, M. and {Ranalli}, P. and {Rauw}, G. and {Read}, A. and {Regibo}, S. and {Renk}, F. and {Reyl{\'e}}, C. and {Ribeiro}, R.~A. and {Rimoldini}, L. and {Ripepi}, V. and {Riva}, A. and {Rixon}, G. and {Roelens}, M. and {Romero-G{\'o}mez}, M. and {Rowell}, N. and {Royer}, F. and {Rudolph}, A. and {Ruiz-Dern}, L. and {Sadowski}, G. and {Sagrist{\`a} Sell{\'e}s}, T. and {Sahlmann}, J. and {Salgado}, J. and {Salguero}, E. and {Sarasso}, M. and {Savietto}, H. and {Schnorhk}, A. and {Schultheis}, M. and {Sciacca}, E. and {Segol}, M. and {Segovia}, J.~C. and {Segransan}, D. and {Serpell}, E. and {Shih}, I. -C. and {Smareglia}, R. and {Smart}, R.~L. and {Smith}, C. and {Solano}, E. and {Solitro}, F. and {Sordo}, R. and {Soria Nieto}, S. and {Souchay}, J. and {Spagna}, A. and {Spoto}, F. and {Stampa}, U. and {Steele}, I.~A. and {Steidelm{\"u}ller}, H. and {Stephenson}, C.~A. and {Stoev}, H. and {Suess}, F.~F. and {S{\"u}veges}, M. and {Surdej}, J. and {Szabados}, L. and {Szegedi-Elek}, E. and {Tapiador}, D. and {Taris}, F. and {Tauran}, G. and {Taylor}, M.~B. and {Teixeira}, R. and {Terrett}, D. and {Tingley}, B. and {Trager}, S.~C. and {Turon}, C. and {Ulla}, A. and {Utrilla}, E. and {Valentini}, G. and {van Elteren}, A. and {Van Hemelryck}, E. and {van Leeuwen}, M. and {Varadi}, M. and {Vecchiato}, A. and {Veljanoski}, J. and {Via}, T. and {Vicente}, D. and {Vogt}, S. and {Voss}, H. and {Votruba}, V. and {Voutsinas}, S. and {Walmsley}, G. and {Weiler}, M. and {Weingrill}, K. and {Werner}, D. and {Wevers}, T. and {Whitehead}, G. and {Wyrzykowski}, {\L}. and {Yoldas}, A. and {{\v{Z}}erjal}, M. and {Zucker}, S. and {Zurbach}, C. and {Zwitter}, T. and {Alecu}, A. and {Allen}, M. and {Allende Prieto}, C. and {Amorim}, A. and {Anglada-Escud{\'e}}, G. and {Arsenijevic}, V. and {Azaz}, S. and {Balm}, P. and {Beck}, M. and {Bernstein}, H. -H. and {Bigot}, L. and {Bijaoui}, A. and {Blasco}, C. and {Bonfigli}, M. and {Bono}, G. and {Boudreault}, S. and {Bressan}, A. and {Brown}, S. and {Brunet}, P. -M. and {Bunclark}, P. and {Buonanno}, R. and {Butkevich}, A.~G. and {Carret}, C. and {Carrion}, C. and {Chemin}, L. and {Ch{\'e}reau}, F. and {Corcione}, L. and {Darmigny}, E. and {de Boer}, K.~S. and {de Teodoro}, P. and {de Zeeuw}, P.~T. and {Delle Luche}, C. and {Domingues}, C.~D. and {Dubath}, P. and {Fodor}, F. and {Fr{\'e}zouls}, B. and {Fries}, A. and {Fustes}, D. and {Fyfe}, D. and {Gallardo}, E. and {Gallegos}, J. and {Gardiol}, D. and {Gebran}, M. and {Gomboc}, A. and {G{\'o}mez}, A. and {Grux}, E. and {Gueguen}, A. and {Heyrovsky}, A. and {Hoar}, J. and {Iannicola}, G. and {Isasi Parache}, Y. and {Janotto}, A. -M. and {Joliet}, E. and {Jonckheere}, A. and {Keil}, R. and {Kim}, D. -W. and {Klagyivik}, P. and {Klar}, J. and {Knude}, J. and {Kochukhov}, O. and {Kolka}, I. and {Kos}, J. and {Kutka}, A. and {Lainey}, V. and {LeBouquin}, D. and {Liu}, C. and {Loreggia}, D. and {Makarov}, V.~V. and {Marseille}, M.~G. and {Martayan}, C. and {Martinez-Rubi}, O. and {Massart}, B. and {Meynadier}, F. and {Mignot}, S. and {Munari}, U. and {Nguyen}, A. -T. and {Nordlander}, T. and {Ocvirk}, P. and {O'Flaherty}, K.~S. and {Olias Sanz}, A. and {Ortiz}, P. and {Osorio}, J. and {Oszkiewicz}, D. and {Ouzounis}, A. and {Palmer}, M. and {Park}, P. and {Pasquato}, E. and {Peltzer}, C. and {Peralta}, J. and {P{\'e}turaud}, F. and {Pieniluoma}, T. and {Pigozzi}, E. and {Poels}, J. and {Prat}, G. and {Prod'homme}, T. and {Raison}, F. and {Rebordao}, J.~M. and {Risquez}, D. and {Rocca-Volmerange}, B. and {Rosen}, S. and {Ruiz-Fuertes}, M.~I. and {Russo}, F. and {Sembay}, S. and {Serraller Vizcaino}, I. and {Short}, A. and {Siebert}, A. and {Silva}, H. and {Sinachopoulos}, D. and {Slezak}, E. and {Soffel}, M. and {Sosnowska}, D. and {Strai{\v{z}}ys}, V. and {ter Linden}, M. and {Terrell}, D. and {Theil}, S. and {Tiede}, C. and {Troisi}, L. and {Tsalmantza}, P. and {Tur}, D. and {Vaccari}, M. and {Vachier}, F. and {Valles}, P. and {Van Hamme}, W. and {Veltz}, L. and {Virtanen}, J. and {Wallut}, J. -M. and {Wichmann}, R. and {Wilkinson}, M.~I. and {Ziaeepour}, H. and {Zschocke}, S.},
        title = "{The Gaia mission}",
      journal = {\aap},
     keywords = {space vehicles: instruments, Galaxy: structure, astrometry, parallaxes, proper motions, telescopes, Astrophysics - Instrumentation and Methods for Astrophysics},
         year = 2016,
        month = nov,
       volume = {595},
          eid = {A1},
        pages = {A1},
          doi = {10.1051/0004-6361/201629272},
archivePrefix = {arXiv},
       eprint = {1609.04153},
 primaryClass = {astro-ph.IM},
       adsurl = {https://ui.adsabs.harvard.edu/abs/2016A&A...595A...1G},
      adsnote = {Provided by the SAO/NASA Astrophysics Data System}
}

@ARTICLE{2021AA...649A...1G,
       author = {{Gaia Collaboration} and {Brown}, A.~G.~A. and {Vallenari}, A. and {Prusti}, T. and {de Bruijne}, J.~H.~J. and {Babusiaux}, C. and {Biermann}, M. and {Creevey}, O.~L. and {Evans}, D.~W. and {Eyer}, L. and {Hutton}, A. and {Jansen}, F. and {Jordi}, C. and {Klioner}, S.~A. and {Lammers}, U. and {Lindegren}, L. and {Luri}, X. and {Mignard}, F. and {Panem}, C. and {Pourbaix}, D. and {Randich}, S. and {Sartoretti}, P. and {Soubiran}, C. and {Walton}, N.~A. and {Arenou}, F. and {Bailer-Jones}, C.~A.~L. and {Bastian}, U. and {Cropper}, M. and {Drimmel}, R. and {Katz}, D. and {Lattanzi}, M.~G. and {van Leeuwen}, F. and {Bakker}, J. and {Cacciari}, C. and {Casta{\~n}eda}, J. and {De Angeli}, F. and {Ducourant}, C. and {Fabricius}, C. and {Fouesneau}, M. and {Fr{\'e}mat}, Y. and {Guerra}, R. and {Guerrier}, A. and {Guiraud}, J. and {Jean-Antoine Piccolo}, A. and {Masana}, E. and {Messineo}, R. and {Mowlavi}, N. and {Nicolas}, C. and {Nienartowicz}, K. and {Pailler}, F. and {Panuzzo}, P. and {Riclet}, F. and {Roux}, W. and {Seabroke}, G.~M. and {Sordo}, R. and {Tanga}, P. and {Th{\'e}venin}, F. and {Gracia-Abril}, G. and {Portell}, J. and {Teyssier}, D. and {Altmann}, M. and {Andrae}, R. and {Bellas-Velidis}, I. and {Benson}, K. and {Berthier}, J. and {Blomme}, R. and {Brugaletta}, E. and {Burgess}, P.~W. and {Busso}, G. and {Carry}, B. and {Cellino}, A. and {Cheek}, N. and {Clementini}, G. and {Damerdji}, Y. and {Davidson}, M. and {Delchambre}, L. and {Dell'Oro}, A. and {Fern{\'a}ndez-Hern{\'a}ndez}, J. and {Galluccio}, L. and {Garc{\'\i}a-Lario}, P. and {Garcia-Reinaldos}, M. and {Gonz{\'a}lez-N{\'u}{\~n}ez}, J. and {Gosset}, E. and {Haigron}, R. and {Halbwachs}, J. -L. and {Hambly}, N.~C. and {Harrison}, D.~L. and {Hatzidimitriou}, D. and {Heiter}, U. and {Hern{\'a}ndez}, J. and {Hestroffer}, D. and {Hodgkin}, S.~T. and {Holl}, B. and {Jan{\ss}en}, K. and {Jevardat de Fombelle}, G. and {Jordan}, S. and {Krone-Martins}, A. and {Lanzafame}, A.~C. and {L{\"o}ffler}, W. and {Lorca}, A. and {Manteiga}, M. and {Marchal}, O. and {Marrese}, P.~M. and {Moitinho}, A. and {Mora}, A. and {Muinonen}, K. and {Osborne}, P. and {Pancino}, E. and {Pauwels}, T. and {Petit}, J. -M. and {Recio-Blanco}, A. and {Richards}, P.~J. and {Riello}, M. and {Rimoldini}, L. and {Robin}, A.~C. and {Roegiers}, T. and {Rybizki}, J. and {Sarro}, L.~M. and {Siopis}, C. and {Smith}, M. and {Sozzetti}, A. and {Ulla}, A. and {Utrilla}, E. and {van Leeuwen}, M. and {van Reeven}, W. and {Abbas}, U. and {Abreu Aramburu}, A. and {Accart}, S. and {Aerts}, C. and {Aguado}, J.~J. and {Ajaj}, M. and {Altavilla}, G. and {{\'A}lvarez}, M.~A. and {{\'A}lvarez Cid-Fuentes}, J. and {Alves}, J. and {Anderson}, R.~I. and {Anglada Varela}, E. and {Antoja}, T. and {Audard}, M. and {Baines}, D. and {Baker}, S.~G. and {Balaguer-N{\'u}{\~n}ez}, L. and {Balbinot}, E. and {Balog}, Z. and {Barache}, C. and {Barbato}, D. and {Barros}, M. and {Barstow}, M.~A. and {Bartolom{\'e}}, S. and {Bassilana}, J. -L. and {Bauchet}, N. and {Baudesson-Stella}, A. and {Becciani}, U. and {Bellazzini}, M. and {Bernet}, M. and {Bertone}, S. and {Bianchi}, L. and {Blanco-Cuaresma}, S. and {Boch}, T. and {Bombrun}, A. and {Bossini}, D. and {Bouquillon}, S. and {Bragaglia}, A. and {Bramante}, L. and {Breedt}, E. and {Bressan}, A. and {Brouillet}, N. and {Bucciarelli}, B. and {Burlacu}, A. and {Busonero}, D. and {Butkevich}, A.~G. and {Buzzi}, R. and {Caffau}, E. and {Cancelliere}, R. and {C{\'a}novas}, H. and {Cantat-Gaudin}, T. and {Carballo}, R. and {Carlucci}, T. and {Carnerero}, M.~I. and {Carrasco}, J.~M. and {Casamiquela}, L. and {Castellani}, M. and {Castro-Ginard}, A. and {Castro Sampol}, P. and {Chaoul}, L. and {Charlot}, P. and {Chemin}, L. and {Chiavassa}, A. and {Cioni}, M. -R.~L. and {Comoretto}, G. and {Cooper}, W.~J. and {Cornez}, T. and {Cowell}, S. and {Crifo}, F. and {Crosta}, M. and {Crowley}, C. and {Dafonte}, C. and {Dapergolas}, A. and {David}, M. and {David}, P. and {de Laverny}, P. and {De Luise}, F. and {De March}, R. and {De Ridder}, J. and {de Souza}, R. and {de Teodoro}, P. and {de Torres}, A. and {del Peloso}, E.~F. and {del Pozo}, E. and {Delbo}, M. and {Delgado}, A. and {Delgado}, H.~E. and {Delisle}, J. -B. and {Di Matteo}, P. and {Diakite}, S. and {Diener}, C. and {Distefano}, E. and {Dolding}, C. and {Eappachen}, D. and {Edvardsson}, B. and {Enke}, H. and {Esquej}, P. and {Fabre}, C. and {Fabrizio}, M. and {Faigler}, S. and {Fedorets}, G. and {Fernique}, P. and {Fienga}, A. and {Figueras}, F. and {Fouron}, C. and {Fragkoudi}, F. and {Fraile}, E. and {Franke}, F. and {Gai}, M. and {Garabato}, D. and {Garcia-Gutierrez}, A. and {Garc{\'\i}a-Torres}, M. and {Garofalo}, A. and {Gavras}, P. and {Gerlach}, E. and {Geyer}, R. and {Giacobbe}, P. and {Gilmore}, G. and {Girona}, S. and {Giuffrida}, G. and {Gomel}, R. and {Gomez}, A. and {Gonzalez-Santamaria}, I. and {Gonz{\'a}lez-Vidal}, J.~J. and {Granvik}, M. and {Guti{\'e}rrez-S{\'a}nchez}, R. and {Guy}, L.~P. and {Hauser}, M. and {Haywood}, M. and {Helmi}, A. and {Hidalgo}, S.~L. and {Hilger}, T. and {H{\l}adczuk}, N. and {Hobbs}, D. and {Holland}, G. and {Huckle}, H.~E. and {Jasniewicz}, G. and {Jonker}, P.~G. and {Juaristi Campillo}, J. and {Julbe}, F. and {Karbevska}, L. and {Kervella}, P. and {Khanna}, S. and {Kochoska}, A. and {Kontizas}, M. and {Kordopatis}, G. and {Korn}, A.~J. and {Kostrzewa-Rutkowska}, Z. and {Kruszy{\'n}ska}, K. and {Lambert}, S. and {Lanza}, A.~F. and {Lasne}, Y. and {Le Campion}, J. -F. and {Le Fustec}, Y. and {Lebreton}, Y. and {Lebzelter}, T. and {Leccia}, S. and {Leclerc}, N. and {Lecoeur-Taibi}, I. and {Liao}, S. and {Licata}, E. and {Lindstr{\o}m}, E.~P. and {Lister}, T.~A. and {Livanou}, E. and {Lobel}, A. and {Madrero Pardo}, P. and {Managau}, S. and {Mann}, R.~G. and {Marchant}, J.~M. and {Marconi}, M. and {Marcos Santos}, M.~M.~S. and {Marinoni}, S. and {Marocco}, F. and {Marshall}, D.~J. and {Martin Polo}, L. and {Mart{\'\i}n-Fleitas}, J.~M. and {Masip}, A. and {Massari}, D. and {Mastrobuono-Battisti}, A. and {Mazeh}, T. and {McMillan}, P.~J. and {Messina}, S. and {Michalik}, D. and {Millar}, N.~R. and {Mints}, A. and {Molina}, D. and {Molinaro}, R. and {Moln{\'a}r}, L. and {Montegriffo}, P. and {Mor}, R. and {Morbidelli}, R. and {Morel}, T. and {Morris}, D. and {Mulone}, A.~F. and {Munoz}, D. and {Muraveva}, T. and {Murphy}, C.~P. and {Musella}, I. and {Noval}, L. and {Ord{\'e}novic}, C. and {Orr{\`u}}, G. and {Osinde}, J. and {Pagani}, C. and {Pagano}, I. and {Palaversa}, L. and {Palicio}, P.~A. and {Panahi}, A. and {Pawlak}, M. and {Pe{\~n}alosa Esteller}, X. and {Penttil{\"a}}, A. and {Piersimoni}, A.~M. and {Pineau}, F. -X. and {Plachy}, E. and {Plum}, G. and {Poggio}, E. and {Poretti}, E. and {Poujoulet}, E. and {Pr{\v{s}}a}, A. and {Pulone}, L. and {Racero}, E. and {Ragaini}, S. and {Rainer}, M. and {Raiteri}, C.~M. and {Rambaux}, N. and {Ramos}, P. and {Ramos-Lerate}, M. and {Re Fiorentin}, P. and {Regibo}, S. and {Reyl{\'e}}, C. and {Ripepi}, V. and {Riva}, A. and {Rixon}, G. and {Robichon}, N. and {Robin}, C. and {Roelens}, M. and {Rohrbasser}, L. and {Romero-G{\'o}mez}, M. and {Rowell}, N. and {Royer}, F. and {Rybicki}, K.~A. and {Sadowski}, G. and {Sagrist{\`a} Sell{\'e}s}, A. and {Sahlmann}, J. and {Salgado}, J. and {Salguero}, E. and {Samaras}, N. and {Sanchez Gimenez}, V. and {Sanna}, N. and {Santove{\~n}a}, R. and {Sarasso}, M. and {Schultheis}, M. and {Sciacca}, E. and {Segol}, M. and {Segovia}, J.~C. and {S{\'e}gransan}, D. and {Semeux}, D. and {Shahaf}, S. and {Siddiqui}, H.~I. and {Siebert}, A. and {Siltala}, L. and {Slezak}, E. and {Smart}, R.~L. and {Solano}, E. and {Solitro}, F. and {Souami}, D. and {Souchay}, J. and {Spagna}, A. and {Spoto}, F. and {Steele}, I.~A. and {Steidelm{\"u}ller}, H. and {Stephenson}, C.~A. and {S{\"u}veges}, M. and {Szabados}, L. and {Szegedi-Elek}, E. and {Taris}, F. and {Tauran}, G. and {Taylor}, M.~B. and {Teixeira}, R. and {Thuillot}, W. and {Tonello}, N. and {Torra}, F. and {Torra}, J. and {Turon}, C. and {Unger}, N. and {Vaillant}, M. and {van Dillen}, E. and {Vanel}, O. and {Vecchiato}, A. and {Viala}, Y. and {Vicente}, D. and {Voutsinas}, S. and {Weiler}, M. and {Wevers}, T. and {Wyrzykowski}, {\L}. and {Yoldas}, A. and {Yvard}, P. and {Zhao}, H. and {Zorec}, J. and {Zucker}, S. and {Zurbach}, C. and {Zwitter}, T.},
        title = "{Gaia Early Data Release 3. Summary of the contents and survey properties}",
      journal = {\aap},
     keywords = {catalogs, astrometry, parallaxes, proper motions, techniques: photometric, techniques: radial velocities, Astrophysics - Astrophysics of Galaxies},
         year = 2021,
        month = may,
       volume = {649},
          eid = {A1},
        pages = {A1},
          doi = {10.1051/0004-6361/202039657},
archivePrefix = {arXiv},
       eprint = {2012.01533},
 primaryClass = {astro-ph.GA},
       adsurl = {https://ui.adsabs.harvard.edu/abs/2021A&A...649A...1G},
      adsnote = {Provided by the SAO/NASA Astrophysics Data System}
}

@ARTICLE{2021AA...653A.160S,
       author = {{Seabroke}, G.~M. and {Fabricius}, C. and {Teyssier}, D. and {Sartoretti}, P. and {Katz}, D. and {Cropper}, M. and {Antoja}, T. and {Benson}, K. and {Smith}, M. and {Dolding}, C. and {Gosset}, E. and {Panuzzo}, P. and {Th{\'e}venin}, F. and {Allende Prieto}, C. and {Blomme}, R. and {Guerrier}, A. and {Huckle}, H. and {Jean-Antoine}, A. and {Haigron}, R. and {Marchal}, O. and {Baker}, S. and {Damerdji}, Y. and {David}, M. and {Fr{\'e}mat}, Y. and {Jan{\ss}en}, K. and {Jasniewicz}, G. and {Lobel}, A. and {Samaras}, N. and {Plum}, G. and {Soubiran}, C. and {Vanel}, O. and {Zwitter}, T. and {Ajaj}, M. and {Caffau}, E. and {Chemin}, L. and {Royer}, F. and {Brouillet}, N. and {Crifo}, F. and {Guy}, L.~P. and {Hambly}, N.~C. and {Leclerc}, N. and {Mastrobuono-Battisti}, A. and {Viala}, Y.},
        title = "{Gaia Early Data Release 3. Updated radial velocities from Gaia DR2}",
      journal = {\aap},
     keywords = {space vehicles: instruments, instrumentation: spectrographs, techniques: radial velocities, techniques: spectroscopic, Astrophysics - Astrophysics of Galaxies, Astrophysics - Instrumentation and Methods for Astrophysics, Astrophysics - Solar and Stellar Astrophysics},
         year = 2021,
        month = sep,
       volume = {653},
          eid = {A160},
        pages = {A160},
          doi = {10.1051/0004-6361/202141008},
archivePrefix = {arXiv},
       eprint = {2108.02796},
 primaryClass = {astro-ph.GA},
       adsurl = {https://ui.adsabs.harvard.edu/abs/2021A&A...653A.160S},
      adsnote = {Provided by the SAO/NASA Astrophysics Data System}
}

@ARTICLE{2021AA...649A...2L,
       author = {{Lindegren}, L. and {Klioner}, S.~A. and {Hern{\'a}ndez}, J. and {Bombrun}, A. and {Ramos-Lerate}, M. and {Steidelm{\"u}ller}, H. and {Bastian}, U. and {Biermann}, M. and {de Torres}, A. and {Gerlach}, E. and {Geyer}, R. and {Hilger}, T. and {Hobbs}, D. and {Lammers}, U. and {McMillan}, P.~J. and {Stephenson}, C.~A. and {Casta{\~n}eda}, J. and {Davidson}, M. and {Fabricius}, C. and {Gracia-Abril}, G. and {Portell}, J. and {Rowell}, N. and {Teyssier}, D. and {Torra}, F. and {Bartolom{\'e}}, S. and {Clotet}, M. and {Garralda}, N. and {Gonz{\'a}lez-Vidal}, J.~J. and {Torra}, J. and {Abbas}, U. and {Altmann}, M. and {Anglada Varela}, E. and {Balaguer-N{\'u}{\~n}ez}, L. and {Balog}, Z. and {Barache}, C. and {Becciani}, U. and {Bernet}, M. and {Bertone}, S. and {Bianchi}, L. and {Bouquillon}, S. and {Brown}, A.~G.~A. and {Bucciarelli}, B. and {Busonero}, D. and {Butkevich}, A.~G. and {Buzzi}, R. and {Cancelliere}, R. and {Carlucci}, T. and {Charlot}, P. and {Cioni}, M. -R.~L. and {Crosta}, M. and {Crowley}, C. and {del Peloso}, E.~F. and {del Pozo}, E. and {Drimmel}, R. and {Esquej}, P. and {Fienga}, A. and {Fraile}, E. and {Gai}, M. and {Garcia-Reinaldos}, M. and {Guerra}, R. and {Hambly}, N.~C. and {Hauser}, M. and {Jan{\ss}en}, K. and {Jordan}, S. and {Kostrzewa-Rutkowska}, Z. and {Lattanzi}, M.~G. and {Liao}, S. and {Licata}, E. and {Lister}, T.~A. and {L{\"o}ffler}, W. and {Marchant}, J.~M. and {Masip}, A. and {Mignard}, F. and {Mints}, A. and {Molina}, D. and {Mora}, A. and {Morbidelli}, R. and {Murphy}, C.~P. and {Pagani}, C. and {Panuzzo}, P. and {Pe{\~n}alosa Esteller}, X. and {Poggio}, E. and {Re Fiorentin}, P. and {Riva}, A. and {Sagrist{\`a} Sell{\'e}s}, A. and {Sanchez Gimenez}, V. and {Sarasso}, M. and {Sciacca}, E. and {Siddiqui}, H.~I. and {Smart}, R.~L. and {Souami}, D. and {Spagna}, A. and {Steele}, I.~A. and {Taris}, F. and {Utrilla}, E. and {van Reeven}, W. and {Vecchiato}, A.},
        title = "{Gaia Early Data Release 3. The astrometric solution}",
      journal = {\aap},
     keywords = {astrometry, parallaxes, proper motions, methods: data analysis, space vehicles: instruments, Astrophysics - Instrumentation and Methods for Astrophysics},
         year = 2021,
        month = may,
       volume = {649},
          eid = {A2},
        pages = {A2},
          doi = {10.1051/0004-6361/202039709},
archivePrefix = {arXiv},
       eprint = {2012.03380},
 primaryClass = {astro-ph.IM},
       adsurl = {https://ui.adsabs.harvard.edu/abs/2021A&A...649A...2L},
      adsnote = {Provided by the SAO/NASA Astrophysics Data System}
}

@INPROCEEDINGS{1996ASPC...92..307G,
       author = {{Gratton}, Raffaele and {Carretta}, Eugenio and {Matteucci}, Francesca and {Sneden}, Christopher},
        title = "{The [Fe/O] Ratio in Field Stars and the History of Star Formation of the Solar Neighbourhood}",
    booktitle = {Formation of the Galactic Halo...Inside and Out},
         year = 1996,
       editor = {{Morrison}, Heather L. and {Sarajedini}, Ata},
       series = {Astronomical Society of the Pacific Conference Series},
       volume = {92},
        month = apr,
        pages = {307},
       adsurl = {https://ui.adsabs.harvard.edu/abs/1996ASPC...92..307G},
      adsnote = {Provided by the SAO/NASA Astrophysics Data System}
}

@ARTICLE{2004AN....325....3F,
       author = {{Fuhrmann}, K.},
        title = "{Nearby stars of the Galactic disk and halo. III.}",
      journal = {Astronomische Nachrichten},
     keywords = {stars: fundamental parameters, Galaxy: formation, Galaxy: stellar content, Galaxy: evolution},
         year = 2004,
        month = jan,
       volume = {325},
       number = {1},
        pages = {3-80},
          doi = {10.1002/asna.200310173},
       adsurl = {https://ui.adsabs.harvard.edu/abs/2004AN....325....3F},
      adsnote = {Provided by the SAO/NASA Astrophysics Data System}
}

@ARTICLE{1998A&A...338..161F,
       author = {{Fuhrmann}, Klaus},
        title = "{Nearby stars of the Galactic disk and halo}",
      journal = {\aap},
     keywords = {STARS: DISTANCES, STARS: FUNDAMENTAL PARAMETERS, STARS: LATE-TYPE, GALAXY: EVOLUTION},
         year = 1998,
        month = oct,
       volume = {338},
        pages = {161-183},
       adsurl = {https://ui.adsabs.harvard.edu/abs/1998A&A...338..161F},
      adsnote = {Provided by the SAO/NASA Astrophysics Data System}
}

@ARTICLE{2006MNRAS.367.1329R,
       author = {{Reddy}, Bacham E. and {Lambert}, David L. and {Allende Prieto}, Carlos},
        title = "{Elemental abundance survey of the Galactic thick disc}",
      journal = {\mnras},
     keywords = {stars: abundances, stars: kinematics, Galaxy: abundances, Galaxy: evolution, Astrophysics},
         year = 2006,
        month = apr,
       volume = {367},
       number = {4},
        pages = {1329-1366},
          doi = {10.1111/j.1365-2966.2006.10148.x},
archivePrefix = {arXiv},
       eprint = {astro-ph/0512505},
 primaryClass = {astro-ph},
       adsurl = {https://ui.adsabs.harvard.edu/abs/2006MNRAS.367.1329R},
      adsnote = {Provided by the SAO/NASA Astrophysics Data System}
}

@ARTICLE{2011A&A...535L..11A,
       author = {{Adibekyan}, V. Zh. and {Santos}, N.~C. and {Sousa}, S.~G. and {Israelian}, G.},
        title = "{A new {\ensuremath{\alpha}}-enhanced super-solar metallicity population}",
      journal = {\aap},
     keywords = {stars: abundances, stars: kinematics and dynamics, Galaxy: disk, Astrophysics - Galaxy Astrophysics},
         year = 2011,
        month = nov,
       volume = {535},
          eid = {L11},
        pages = {L11},
          doi = {10.1051/0004-6361/201118240},
archivePrefix = {arXiv},
       eprint = {1111.4936},
 primaryClass = {astro-ph.GA},
       adsurl = {https://ui.adsabs.harvard.edu/abs/2011A&A...535L..11A},
      adsnote = {Provided by the SAO/NASA Astrophysics Data System}
}

@ARTICLE{2012A&A...545A..32A,
       author = {{Adibekyan}, V. Zh. and {Sousa}, S.~G. and {Santos}, N.~C. and {Delgado Mena}, E. and {Gonz{\'a}lez Hern{\'a}ndez}, J.~I. and {Israelian}, G. and {Mayor}, M. and {Khachatryan}, G.},
        title = "{Chemical abundances of 1111 FGK stars from the HARPS GTO planet search program. Galactic stellar populations and planets}",
      journal = {\aap},
     keywords = {stars: abundances, planetary systems, stars: fundamental parameters, Galaxy: disk, solar neighborhood, stars: kinematics and dynamics, Astrophysics - Earth and Planetary Astrophysics, Astrophysics - Solar and Stellar Astrophysics},
         year = 2012,
        month = sep,
       volume = {545},
          eid = {A32},
        pages = {A32},
          doi = {10.1051/0004-6361/201219401},
archivePrefix = {arXiv},
       eprint = {1207.2388},
 primaryClass = {astro-ph.EP},
       adsurl = {https://ui.adsabs.harvard.edu/abs/2012A&A...545A..32A},
      adsnote = {Provided by the SAO/NASA Astrophysics Data System}
}

@ARTICLE{2014A&A...562A..71B,
       author = {{Bensby}, T. and {Feltzing}, S. and {Oey}, M.~S.},
        title = "{Exploring the Milky Way stellar disk. A detailed elemental abundance study of 714 F and G dwarf stars in the solar neighbourhood}",
      journal = {\aap},
     keywords = {Galaxy: disk, Galaxy: formation, Galaxy: evolution, stars: abundances, stars: fundamental parameters, stars: kinematics and dynamics, Astrophysics - Astrophysics of Galaxies},
         year = 2014,
        month = feb,
       volume = {562},
          eid = {A71},
        pages = {A71},
          doi = {10.1051/0004-6361/201322631},
archivePrefix = {arXiv},
       eprint = {1309.2631},
 primaryClass = {astro-ph.GA},
       adsurl = {https://ui.adsabs.harvard.edu/abs/2014A&A...562A..71B},
      adsnote = {Provided by the SAO/NASA Astrophysics Data System}
}

@ARTICLE{2020MNRAS.493.2952H,
       author = {{Hayden}, Michael R. and {Bland-Hawthorn}, Joss and {Sharma}, Sanjib and {Freeman}, Ken and {Kos}, Janez and {Buder}, Sven and {Anguiano}, Borja and {Asplund}, Martin and {Chen}, Boquan and {De Silva}, Gayandhi M. and {Khanna}, Shourya and {Lin}, Jane and {Horner}, Jonathan and {Martell}, Sarah and {Ting}, Yuan-Sen and {Wyse}, Rosemary and {Zucker}, Daniel and {Zwitter}, Tomaz},
        title = "{The GALAH survey: chemodynamics of the solar neighbourhood}",
      journal = {\mnras},
     keywords = {Galaxy: abundances, Galaxy: kinematics and dynamics, Galaxy: stellar content, Galaxy: structure, Astrophysics - Astrophysics of Galaxies},
         year = 2020,
        month = apr,
       volume = {493},
       number = {2},
        pages = {2952-2964},
          doi = {10.1093/mnras/staa335},
archivePrefix = {arXiv},
       eprint = {1901.07565},
 primaryClass = {astro-ph.GA},
       adsurl = {https://ui.adsabs.harvard.edu/abs/2020MNRAS.493.2952H},
      adsnote = {Provided by the SAO/NASA Astrophysics Data System}
}

@ARTICLE{2017MNRAS.472.3637G,
       author = {{Grisoni}, V. and {Spitoni}, E. and {Matteucci}, F. and {Recio-Blanco}, A. and {de Laverny}, P. and {Hayden}, M. and {Mikolaitis}, {\^{S}}. and {Worley}, C.~C.},
        title = "{The AMBRE project: chemical evolution models for the Milky Way thick and thin discs}",
      journal = {\mnras},
     keywords = {Galaxy: abundances, Galaxy: evolution, Galaxy: formation, Astrophysics - Astrophysics of Galaxies},
         year = 2017,
        month = dec,
       volume = {472},
       number = {3},
        pages = {3637-3647},
          doi = {10.1093/mnras/stx2201},
archivePrefix = {arXiv},
       eprint = {1706.02614},
 primaryClass = {astro-ph.GA},
       adsurl = {https://ui.adsabs.harvard.edu/abs/2017MNRAS.472.3637G},
      adsnote = {Provided by the SAO/NASA Astrophysics Data System}
}

@ARTICLE{1997ApJ...477..765C,
       author = {{Chiappini}, C. and {Matteucci}, F. and {Gratton}, R.},
        title = "{The Chemical Evolution of the Galaxy: The Two-Infall Model}",
      journal = {\apj},
     keywords = {ISM: individual (HH 1-2), ISM: Jets and Outflows, ISM: Molecules, ISM: Structure, Stars: Formation, Astrophysics},
         year = 1997,
        month = mar,
       volume = {477},
       number = {2},
        pages = {765-780},
          doi = {10.1086/303726},
archivePrefix = {arXiv},
       eprint = {astro-ph/9609199},
 primaryClass = {astro-ph},
       adsurl = {https://ui.adsabs.harvard.edu/abs/1997ApJ...477..765C},
      adsnote = {Provided by the SAO/NASA Astrophysics Data System}
}

@INPROCEEDINGS{2009IAUS..254..191C,
       author = {{Chiappini}, Cristina},
        title = "{The chemical evolution of the Galactic thick and thin disks}",
     keywords = {Galaxy: abundances, Galaxy: disk, Galaxy: evolution, stars: abundances},
    booktitle = {The Galaxy Disk in Cosmological Context},
         year = 2009,
       editor = {{Andersen}, Johannes and {Nordstr{\"o}ara} and {m}, Birgitta and {Bland-Hawthorn}, Joss},
       volume = {254},
        month = mar,
        pages = {191-196},
          doi = {10.1017/S1743921308027580},
       adsurl = {https://ui.adsabs.harvard.edu/abs/2009IAUS..254..191C},
      adsnote = {Provided by the SAO/NASA Astrophysics Data System}
}

@ARTICLE{2009A&A...504...87S,
       author = {{Spitoni}, E. and {Matteucci}, F. and {Recchi}, S. and {Cescutti}, G. and {Pipino}, A.},
        title = "{Effects of galactic fountains and delayed mixing in the chemical evolution of the Milky Way}",
      journal = {\aap},
     keywords = {Galaxy: abundances, Galaxy: evolution, Galaxy: disk, Galaxy: open clusters and associations: general, stars: supernovae: general, Astrophysics - Astrophysics of Galaxies},
         year = 2009,
        month = sep,
       volume = {504},
       number = {1},
        pages = {87-96},
          doi = {10.1051/0004-6361/200911768},
archivePrefix = {arXiv},
       eprint = {0906.3400},
 primaryClass = {astro-ph.GA},
       adsurl = {https://ui.adsabs.harvard.edu/abs/2009A&A...504...87S},
      adsnote = {Provided by the SAO/NASA Astrophysics Data System}
}

@ARTICLE{2019A&A...623A..60S,
       author = {{Spitoni}, E. and {Silva Aguirre}, V. and {Matteucci}, F. and {Calura}, F. and {Grisoni}, V.},
        title = "{Galactic Archaeology with asteroseismic ages: Evidence for delayed gas infall in the formation of the Milky Way disc}",
      journal = {\aap},
     keywords = {Galaxy: abundances, Galaxy: evolution, ISM: general, asteroseismology, Astrophysics - Astrophysics of Galaxies},
         year = 2019,
        month = mar,
       volume = {623},
          eid = {A60},
        pages = {A60},
          doi = {10.1051/0004-6361/201834188},
archivePrefix = {arXiv},
       eprint = {1809.00914},
 primaryClass = {astro-ph.GA},
       adsurl = {https://ui.adsabs.harvard.edu/abs/2019A&A...623A..60S},
      adsnote = {Provided by the SAO/NASA Astrophysics Data System}
}

@ARTICLE{2014ApJ...796...38N,
       author = {{Nidever}, David L. and {Bovy}, Jo and {Bird}, Jonathan C. and {Andrews}, Brett H. and {Hayden}, Michael and {Holtzman}, Jon and {Majewski}, Steven R. and {Smith}, Verne and {Robin}, Annie C. and {Garc{\'\i}a P{\'e}rez}, Ana E. and {Cunha}, Katia and {Allende Prieto}, Carlos and {Zasowski}, Gail and {Schiavon}, Ricardo P. and {Johnson}, Jennifer A. and {Weinberg}, David H. and {Feuillet}, Diane and {Schneider}, Donald P. and {Shetrone}, Matthew and {Sobeck}, Jennifer and {Garc{\'\i}a-Hern{\'a}ndez}, D.~A. and {Zamora}, O. and {Rix}, Hans-Walter and {Beers}, Timothy C. and {Wilson}, John C. and {O'Connell}, Robert W. and {Minchev}, Ivan and {Chiappini}, Cristina and {Anders}, Friedrich and {Bizyaev}, Dmitry and {Brewington}, Howard and {Ebelke}, Garrett and {Frinchaboy}, Peter M. and {Ge}, Jian and {Kinemuchi}, Karen and {Malanushenko}, Elena and {Malanushenko}, Viktor and {Marchante}, Moses and {M{\'e}sz{\'a}ros}, Szabolcs and {Oravetz}, Daniel and {Pan}, Kaike and {Simmons}, Audrey and {Skrutskie}, Michael F.},
        title = "{Tracing Chemical Evolution over the Extent of the Milky Way's Disk with APOGEE Red Clump Stars}",
      journal = {\apj},
     keywords = {Galaxy: abundances, Galaxy: disk, Galaxy: evolution, Galaxy: stellar content, Galaxy: structure, surveys, Astrophysics - Astrophysics of Galaxies},
         year = 2014,
        month = nov,
       volume = {796},
       number = {1},
          eid = {38},
        pages = {38},
          doi = {10.1088/0004-637X/796/1/38},
archivePrefix = {arXiv},
       eprint = {1409.3566},
 primaryClass = {astro-ph.GA},
       adsurl = {https://ui.adsabs.harvard.edu/abs/2014ApJ...796...38N},
      adsnote = {Provided by the SAO/NASA Astrophysics Data System}
}

@ARTICLE{2019MNRAS.484.3476C,
       author = {{Clarke}, Adam J. and {Debattista}, Victor P. and {Nidever}, David L. and {Loebman}, Sarah R. and {Simons}, Raymond C. and {Kassin}, Susan and {Du}, Min and {Ness}, Melissa and {Fisher}, Deanne B. and {Quinn}, Thomas R. and {Wadsley}, James and {Freeman}, Ken C. and {Popescu}, Cristina C.},
        title = "{The imprint of clump formation at high redshift - I. A disc {\ensuremath{\alpha}}-abundance dichotomy}",
      journal = {\mnras},
     keywords = {Galaxy: abundances, Galaxy: disc, Galaxy: evolution, Galaxy: formation, Galaxy: structure, Astrophysics - Astrophysics of Galaxies},
         year = 2019,
        month = apr,
       volume = {484},
       number = {3},
        pages = {3476-3490},
          doi = {10.1093/mnras/stz104},
archivePrefix = {arXiv},
       eprint = {1901.00931},
 primaryClass = {astro-ph.GA},
       adsurl = {https://ui.adsabs.harvard.edu/abs/2019MNRAS.484.3476C},
      adsnote = {Provided by the SAO/NASA Astrophysics Data System}
}

@ARTICLE{2020MNRAS.492.4716B,
       author = {{Beraldo e Silva}, Leandro and {Debattista}, Victor P. and {Khachaturyants}, Tigran and {Nidever}, David},
        title = "{Geometric properties of galactic discs with clumpy episodes}",
      journal = {\mnras},
     keywords = {Galaxy: abundances, Galaxy: disc, Galaxy: evolution, Galaxy: formation, Galaxy: structure, galaxies: abundances, Astrophysics - Astrophysics of Galaxies},
         year = 2020,
        month = mar,
       volume = {492},
       number = {4},
        pages = {4716-4726},
          doi = {10.1093/mnras/staa065},
archivePrefix = {arXiv},
       eprint = {1911.03717},
 primaryClass = {astro-ph.GA},
       adsurl = {https://ui.adsabs.harvard.edu/abs/2020MNRAS.492.4716B},
      adsnote = {Provided by the SAO/NASA Astrophysics Data System}
}

@ARTICLE{2021MNRAS.502..260B,
       author = {{Beraldo e Silva}, Leandro and {Debattista}, Victor P. and {Nidever}, David and {Amarante}, Jo{\~a}o A.~S. and {Garver}, Bethany},
        title = "{Co-formation of the thin and thick discs revealed by APOGEE-DR16 and Gaia-DR2}",
      journal = {\mnras},
     keywords = {Galaxy: abundances, Galaxy: disc, Galaxy: evolution, Galaxy: formation, Galaxy: structure, Astrophysics - Astrophysics of Galaxies},
         year = 2021,
        month = mar,
       volume = {502},
       number = {1},
        pages = {260-272},
          doi = {10.1093/mnras/staa3966},
archivePrefix = {arXiv},
       eprint = {2009.03346},
 primaryClass = {astro-ph.GA},
       adsurl = {https://ui.adsabs.harvard.edu/abs/2021MNRAS.502..260B},
      adsnote = {Provided by the SAO/NASA Astrophysics Data System}
}

@ARTICLE{2023ApJ...953..128G,
       author = {{Garver}, Bethany R. and {Nidever}, David L. and {Debattista}, Victor P. and {Beraldo e Silva}, Leandro and {Khachaturyants}, Tigran},
        title = "{Exploring the Evolution of Massive Clumps in Simulations That Reproduce the Observed Milky Way {\ensuremath{\alpha}}-element Abundance Bimodality}",
      journal = {\apj},
     keywords = {Galaxy abundances, Galaxy disks, Galaxy evolution, Galaxy formation, Galaxy structure, Hydrodynamical simulations, 574, 589, 594, 595, 622, 767, Astrophysics - Astrophysics of Galaxies},
         year = 2023,
        month = aug,
       volume = {953},
       number = {2},
          eid = {128},
        pages = {128},
          doi = {10.3847/1538-4357/acdfc6},
archivePrefix = {arXiv},
       eprint = {2306.12388},
 primaryClass = {astro-ph.GA},
       adsurl = {https://ui.adsabs.harvard.edu/abs/2023ApJ...953..128G},
      adsnote = {Provided by the SAO/NASA Astrophysics Data System}
}

@ARTICLE{2005ApJ...627..632E,
       author = {{Elmegreen}, Bruce G. and {Elmegreen}, Debra Meloy},
        title = "{Stellar Populations in 10 Clump-Cluster Galaxies of the Hubble Ultra Deep Field}",
      journal = {\apj},
     keywords = {Galaxies: Evolution, Galaxies: Formation, Galaxies: High-Redshift, Galaxies: Irregular, Astrophysics},
         year = 2005,
        month = jul,
       volume = {627},
       number = {2},
        pages = {632-646},
          doi = {10.1086/430514},
archivePrefix = {arXiv},
       eprint = {astro-ph/0504032},
 primaryClass = {astro-ph},
       adsurl = {https://ui.adsabs.harvard.edu/abs/2005ApJ...627..632E},
      adsnote = {Provided by the SAO/NASA Astrophysics Data System}
}

@ARTICLE{2007ApJ...658..763E,
       author = {{Elmegreen}, Debra Meloy and {Elmegreen}, Bruce G. and {Ravindranath}, Swara and {Coe}, Daniel A.},
        title = "{Resolved Galaxies in the Hubble Ultra Deep Field: Star Formation in Disks at High Redshift}",
      journal = {\apj},
     keywords = {Galaxies: Evolution, Galaxies: Formation, Galaxies: High-Redshift, Astrophysics},
         year = 2007,
        month = apr,
       volume = {658},
       number = {2},
        pages = {763-777},
          doi = {10.1086/511667},
archivePrefix = {arXiv},
       eprint = {astro-ph/0701121},
 primaryClass = {astro-ph},
       adsurl = {https://ui.adsabs.harvard.edu/abs/2007ApJ...658..763E},
      adsnote = {Provided by the SAO/NASA Astrophysics Data System}
}

@ARTICLE{2009MNRAS.396..203S,
       author = {{Sch{\"o}nrich}, Ralph and {Binney}, James},
        title = "{Chemical evolution with radial mixing}",
      journal = {\mnras},
     keywords = {galaxies: abundances, galaxies: evolution, galaxies: ISM, galaxies: kinematics and dynamics, Galaxy: disc, solar neighbourhood, Astrophysics},
         year = 2009,
        month = jun,
       volume = {396},
       number = {1},
        pages = {203-222},
          doi = {10.1111/j.1365-2966.2009.14750.x},
archivePrefix = {arXiv},
       eprint = {0809.3006},
 primaryClass = {astro-ph},
       adsurl = {https://ui.adsabs.harvard.edu/abs/2009MNRAS.396..203S},
      adsnote = {Provided by the SAO/NASA Astrophysics Data System}
}

@ARTICLE{2021MNRAS.507.5882S,
       author = {{Sharma}, Sanjib and {Hayden}, Michael R. and {Bland-Hawthorn}, Joss},
        title = "{Chemical enrichment and radial migration in the Galactic disc - the origin of the [{\ensuremath{\alpha}}Fe] double sequence}",
      journal = {\mnras},
     keywords = {Galaxy: abundances, Galaxy: disc, Galaxy: evolution, Galaxy: formation, Galaxy: structure, Astrophysics - Astrophysics of Galaxies},
         year = 2021,
        month = nov,
       volume = {507},
       number = {4},
        pages = {5882-5901},
          doi = {10.1093/mnras/stab2015},
archivePrefix = {arXiv},
       eprint = {2005.03646},
 primaryClass = {astro-ph.GA},
       adsurl = {https://ui.adsabs.harvard.edu/abs/2021MNRAS.507.5882S},
      adsnote = {Provided by the SAO/NASA Astrophysics Data System}
}

@ARTICLE{2023MNRAS.523.3791C,
       author = {{Chen}, Boquan and {Hayden}, Michael R. and {Sharma}, Sanjib and {Bland-Hawthorn}, Joss and {Kobayashi}, Chiaki and {Karakas}, Amanda I.},
        title = "{Chemical evolution with radial mixing redux: a detailed model for formation and evolution of the Milky Way}",
      journal = {\mnras},
     keywords = {Galaxy: abundances, Galaxy: evolution, Galaxy: fundamental parameters, Astrophysics - Astrophysics of Galaxies},
         year = 2023,
        month = aug,
       volume = {523},
       number = {3},
        pages = {3791-3811},
          doi = {10.1093/mnras/stad1568},
archivePrefix = {arXiv},
       eprint = {2204.11413},
 primaryClass = {astro-ph.GA},
       adsurl = {https://ui.adsabs.harvard.edu/abs/2023MNRAS.523.3791C},
      adsnote = {Provided by the SAO/NASA Astrophysics Data System}
}

@ARTICLE{2021MNRAS.508.4484J,
       author = {{Johnson}, James W. and {Weinberg}, David H. and {Vincenzo}, Fiorenzo and {Bird}, Jonathan C. and {Loebman}, Sarah R. and {Brooks}, Alyson M. and {Quinn}, Thomas R. and {Christensen}, Charlotte R. and {Griffith}, Emily J.},
        title = "{Stellar migration and chemical enrichment in the milky way disc: a hybrid model}",
      journal = {\mnras},
     keywords = {methods: numerical, galaxies: abundances, galaxies: evolution, galaxies: star formation, galaxies: stellar content, Astrophysics - Astrophysics of Galaxies},
         year = 2021,
        month = dec,
       volume = {508},
       number = {3},
        pages = {4484-4511},
          doi = {10.1093/mnras/stab2718},
archivePrefix = {arXiv},
       eprint = {2103.09838},
 primaryClass = {astro-ph.GA},
       adsurl = {https://ui.adsabs.harvard.edu/abs/2021MNRAS.508.4484J},
      adsnote = {Provided by the SAO/NASA Astrophysics Data System}
}

@ARTICLE{2011ApJ...737....8L,
       author = {{Loebman}, Sarah R. and {Ro{\v{s}}kar}, Rok and {Debattista}, Victor P. and {Ivezi{\'c}}, {\v{Z}}eljko and {Quinn}, Thomas R. and {Wadsley}, James},
        title = "{The Genesis of the Milky Way's Thick Disk Via Stellar Migration}",
      journal = {\apj},
     keywords = {galaxies: spiral, Galaxy: evolution, Galaxy: kinematics and dynamics, Galaxy: stellar content, Galaxy: structure, solar neighborhood, Astrophysics - Astrophysics of Galaxies},
         year = 2011,
        month = aug,
       volume = {737},
       number = {1},
          eid = {8},
        pages = {8},
          doi = {10.1088/0004-637X/737/1/8},
archivePrefix = {arXiv},
       eprint = {1009.5997},
 primaryClass = {astro-ph.GA},
       adsurl = {https://ui.adsabs.harvard.edu/abs/2011ApJ...737....8L},
      adsnote = {Provided by the SAO/NASA Astrophysics Data System}
}

@ARTICLE{2004ApJ...612..894B,
       author = {{Brook}, Chris B. and {Kawata}, Daisuke and {Gibson}, Brad K. and {Freeman}, Ken C.},
        title = "{The Emergence of the Thick Disk in a Cold Dark Matter Universe}",
      journal = {\apj},
     keywords = {Galaxies: Evolution, Galaxies: Formation, Galaxy: Disk, Astrophysics},
         year = 2004,
        month = sep,
       volume = {612},
       number = {2},
        pages = {894-899},
          doi = {10.1086/422709},
archivePrefix = {arXiv},
       eprint = {astro-ph/0405306},
 primaryClass = {astro-ph},
       adsurl = {https://ui.adsabs.harvard.edu/abs/2004ApJ...612..894B},
      adsnote = {Provided by the SAO/NASA Astrophysics Data System}
}

@ARTICLE{2005ApJ...630..298B,
       author = {{Brook}, Chris B. and {Gibson}, Brad K. and {Martel}, Hugo and {Kawata}, Daisuke},
        title = "{The Emergence of the Thick Disk in a CDM Universe. II. Colors and Abundance Patterns}",
      journal = {\apj},
     keywords = {Galaxies: Evolution, Galaxies: Formation, Galaxies: Halos, Galaxies: Structure, Methods: Numerical, Astrophysics},
         year = 2005,
        month = sep,
       volume = {630},
       number = {1},
        pages = {298-308},
          doi = {10.1086/431924},
archivePrefix = {arXiv},
       eprint = {astro-ph/0503273},
 primaryClass = {astro-ph},
       adsurl = {https://ui.adsabs.harvard.edu/abs/2005ApJ...630..298B},
      adsnote = {Provided by the SAO/NASA Astrophysics Data System}
}

@ARTICLE{2007ApJ...658...60B,
       author = {{Brook}, Chris and {Richard}, Simon and {Kawata}, Daisuke and {Martel}, Hugo and {Gibson}, Brad K.},
        title = "{Two Disk Components from a Gas-Rich Disk-Disk Merger}",
      journal = {\apj},
     keywords = {Galaxies: Evolution, Galaxies: Formation, Galaxies: Interactions, Galaxies: Structure, Astrophysics},
         year = 2007,
        month = mar,
       volume = {658},
       number = {1},
        pages = {60-64},
          doi = {10.1086/511056},
archivePrefix = {arXiv},
       eprint = {astro-ph/0611748},
 primaryClass = {astro-ph},
       adsurl = {https://ui.adsabs.harvard.edu/abs/2007ApJ...658...60B},
      adsnote = {Provided by the SAO/NASA Astrophysics Data System}
}

@ARTICLE{2018MNRAS.474.3629G,
       author = {{Grand}, Robert J.~J. and {Bustamante}, Sebasti{\'a}n and {G{\'o}mez}, Facundo A. and {Kawata}, Daisuke and {Marinacci}, Federico and {Pakmor}, R{\"u}diger and {Rix}, Hans-Walter and {Simpson}, Christine M. and {Sparre}, Martin and {Springel}, Volker},
        title = "{Origin of chemically distinct discs in the Auriga cosmological simulations}",
      journal = {\mnras},
     keywords = {galaxies: evolution, galaxies: kinematics and dynamics, galaxies: spiral, galaxies: structure, Astrophysics - Astrophysics of Galaxies, Astrophysics - Cosmology and Nongalactic Astrophysics, Astrophysics - Solar and Stellar Astrophysics},
         year = 2018,
        month = mar,
       volume = {474},
       number = {3},
        pages = {3629-3639},
          doi = {10.1093/mnras/stx3025},
archivePrefix = {arXiv},
       eprint = {1708.07834},
 primaryClass = {astro-ph.GA},
       adsurl = {https://ui.adsabs.harvard.edu/abs/2018MNRAS.474.3629G},
      adsnote = {Provided by the SAO/NASA Astrophysics Data System}
}

@ARTICLE{2010MNRAS.402.1489R,
       author = {{Richard}, Simon and {Brook}, Chris B. and {Martel}, Hugo and {Kawata}, Daisuke and {Gibson}, Brad K. and {Sanchez-Blazquez}, Patricia},
        title = "{Structure, kinematics and chemical enrichment patterns after major gas-rich disc-disc mergers}",
      journal = {\mnras},
     keywords = {galaxies: evolution, galaxies: formation, galaxies: interactions, galaxies: structure, Astrophysics - Cosmology and Nongalactic Astrophysics, Astrophysics - Astrophysics of Galaxies},
         year = 2010,
        month = mar,
       volume = {402},
       number = {3},
        pages = {1489-1503},
          doi = {10.1111/j.1365-2966.2009.16008.x},
archivePrefix = {arXiv},
       eprint = {0911.1801},
 primaryClass = {astro-ph.CO},
       adsurl = {https://ui.adsabs.harvard.edu/abs/2010MNRAS.402.1489R},
      adsnote = {Provided by the SAO/NASA Astrophysics Data System}
}

@ARTICLE{2012MNRAS.426..690B,
       author = {{Brook}, C.~B. and {Stinson}, G.~S. and {Gibson}, B.~K. and {Kawata}, D. and {House}, E.~L. and {Miranda}, M.~S. and {Macci{\`o}}, A.~V. and {Pilkington}, K. and {Ro{\v{s}}kar}, R. and {Wadsley}, J. and {Quinn}, T.~R.},
        title = "{Thin disc, thick disc and halo in a simulated galaxy}",
      journal = {\mnras},
     keywords = {Galaxy: disc, Galaxy: evolution, Galaxy: formation, galaxies: evolution, galaxies: formation, Astrophysics - Astrophysics of Galaxies},
         year = 2012,
        month = oct,
       volume = {426},
       number = {1},
        pages = {690-700},
          doi = {10.1111/j.1365-2966.2012.21738.x},
archivePrefix = {arXiv},
       eprint = {1206.0740},
 primaryClass = {astro-ph.GA},
       adsurl = {https://ui.adsabs.harvard.edu/abs/2012MNRAS.426..690B},
      adsnote = {Provided by the SAO/NASA Astrophysics Data System}
}

@ARTICLE{2013A&A...558A...9M,
       author = {{Minchev}, I. and {Chiappini}, C. and {Martig}, M.},
        title = "{Chemodynamical evolution of the Milky Way disk. I. The solar vicinity}",
      journal = {\aap},
     keywords = {Galaxy: kinematics and dynamics, galaxies: evolution, Galaxy: evolution, Galaxy: abundances, solar neighborhood, Galaxy: formation, Astrophysics - Astrophysics of Galaxies, Astrophysics - Cosmology and Nongalactic Astrophysics},
         year = 2013,
        month = oct,
       volume = {558},
          eid = {A9},
        pages = {A9},
          doi = {10.1051/0004-6361/201220189},
archivePrefix = {arXiv},
       eprint = {1208.1506},
 primaryClass = {astro-ph.GA},
       adsurl = {https://ui.adsabs.harvard.edu/abs/2013A&A...558A...9M},
      adsnote = {Provided by the SAO/NASA Astrophysics Data System}
}

@ARTICLE{2009MNRAS.400.1347C,
       author = {{Calura}, F. and {Menci}, N.},
        title = "{Chemical evolution of local galaxies in a hierarchical model}",
      journal = {\mnras},
     keywords = {galaxies: abundances, galaxies: evolution, galaxies: formation, Astrophysics - Cosmology and Nongalactic Astrophysics, Astrophysics - Astrophysics of Galaxies},
         year = 2009,
        month = dec,
       volume = {400},
       number = {3},
        pages = {1347-1365},
          doi = {10.1111/j.1365-2966.2009.15440.x},
archivePrefix = {arXiv},
       eprint = {0907.3729},
 primaryClass = {astro-ph.CO},
       adsurl = {https://ui.adsabs.harvard.edu/abs/2009MNRAS.400.1347C},
      adsnote = {Provided by the SAO/NASA Astrophysics Data System}
}

@ARTICLE{2009MNRAS.400.1347C,
       author = {{Calura}, F. and {Menci}, N.},
        title = "{Chemical evolution of local galaxies in a hierarchical model}",
      journal = {\mnras},
     keywords = {galaxies: abundances, galaxies: evolution, galaxies: formation, Astrophysics - Cosmology and Nongalactic Astrophysics, Astrophysics - Astrophysics of Galaxies},
         year = 2009,
        month = dec,
       volume = {400},
       number = {3},
        pages = {1347-1365},
          doi = {10.1111/j.1365-2966.2009.15440.x},
archivePrefix = {arXiv},
       eprint = {0907.3729},
 primaryClass = {astro-ph.CO},
       adsurl = {https://ui.adsabs.harvard.edu/abs/2009MNRAS.400.1347C},
      adsnote = {Provided by the SAO/NASA Astrophysics Data System}
}

@ARTICLE{2024MNRAS.528L.122C,
       author = {{Ciuc{\u{a}}}, Ioana and {Kawata}, Daisuke and {Ting}, Yuan-Sen and {Grand}, Robert J.~J. and {Miglio}, Andrea and {Hayden}, Michael and {Baba}, Junichi and {Fragkoudi}, Francesca and {Monty}, Stephanie and {Buder}, Sven and {Freeman}, Ken},
        title = "{Chasing the impact of the Gaia-Sausage-Enceladus merger on the formation of the Milky Way thick disc}",
      journal = {\mnras},
     keywords = {Galaxy: formation, Galaxy: abundances, asteroseismology, Astrophysics - Astrophysics of Galaxies},
         year = 2024,
        month = feb,
       volume = {528},
       number = {1},
        pages = {L122-L126},
          doi = {10.1093/mnrasl/slad033},
archivePrefix = {arXiv},
       eprint = {2211.01006},
 primaryClass = {astro-ph.GA},
       adsurl = {https://ui.adsabs.harvard.edu/abs/2024MNRAS.528L.122C},
      adsnote = {Provided by the SAO/NASA Astrophysics Data System}
}

@ARTICLE{2020MNRAS.491.5435B,
       author = {{Buck}, Tobias},
        title = "{On the origin of the chemical bimodality of disc stars: a tale of merger and migration}",
      journal = {\mnras},
     keywords = {methods: numerical, Galaxy: disc, Galaxy: structure, galaxies: evolution, galaxies: formation, galaxies: kinematics and dynamics, Astrophysics - Astrophysics of Galaxies, Astrophysics - Solar and Stellar Astrophysics},
         year = 2020,
        month = feb,
       volume = {491},
       number = {4},
        pages = {5435-5446},
          doi = {10.1093/mnras/stz3289},
archivePrefix = {arXiv},
       eprint = {1909.09162},
 primaryClass = {astro-ph.GA},
       adsurl = {https://ui.adsabs.harvard.edu/abs/2020MNRAS.491.5435B},
      adsnote = {Provided by the SAO/NASA Astrophysics Data System}
}

@ARTICLE{2021MNRAS.503.5846R,
       author = {{Renaud}, Florent and {Agertz}, Oscar and {Read}, Justin I. and {Ryde}, Nils and {Andersson}, Eric P. and {Bensby}, Thomas and {Rey}, Martin P. and {Feuillet}, Diane K.},
        title = "{VINTERGATAN - II. The history of the Milky Way told by its mergers}",
      journal = {\mnras},
     keywords = {methods: numerical, Galaxy: abundances, Galaxy: formation, galaxies: interactions, Astrophysics - Astrophysics of Galaxies},
         year = 2021,
        month = jun,
       volume = {503},
       number = {4},
        pages = {5846-5867},
          doi = {10.1093/mnras/stab250},
archivePrefix = {arXiv},
       eprint = {2006.06011},
 primaryClass = {astro-ph.GA},
       adsurl = {https://ui.adsabs.harvard.edu/abs/2021MNRAS.503.5846R},
      adsnote = {Provided by the SAO/NASA Astrophysics Data System}
}

@ARTICLE{2021MNRAS.508.3365B,
       author = {{Buck}, Tobias and {Rybizki}, Jan and {Buder}, Sven and {Obreja}, Aura and {Macci{\`o}}, Andrea V. and {Pfrommer}, Christoph and {Steinmetz}, Matthias and {Ness}, Melissa},
        title = "{The challenge of simultaneously matching the observed diversity of chemical abundance patterns in cosmological hydrodynamical simulations}",
      journal = {\mnras},
     keywords = {methods: numerical, galaxy: abundances, galaxy: structure, galaxies: abundances, galaxies: evolution, galaxies: formation, Astrophysics - Astrophysics of Galaxies, Astrophysics - Cosmology and Nongalactic Astrophysics, Astrophysics - Solar and Stellar Astrophysics},
         year = 2021,
        month = dec,
       volume = {508},
       number = {3},
        pages = {3365-3387},
          doi = {10.1093/mnras/stab2736},
archivePrefix = {arXiv},
       eprint = {2103.03884},
 primaryClass = {astro-ph.GA},
       adsurl = {https://ui.adsabs.harvard.edu/abs/2021MNRAS.508.3365B},
      adsnote = {Provided by the SAO/NASA Astrophysics Data System}
}

@ARTICLE{2017A&A...605A..59R,
       author = {{Rybizki}, Jan and {Just}, Andreas and {Rix}, Hans-Walter},
        title = "{Chempy: A flexible chemical evolution model for abundance fitting. Do the Sun's abundances alone constrain chemical evolution models?}",
      journal = {\aap},
     keywords = {methods: statistical, nuclear reactions, nucleosynthesis, abundances, stars: luminosity function, mass function, supernovae: general, Sun: abundances, Galaxy: evolution, Astrophysics - Astrophysics of Galaxies, Astrophysics - Instrumentation and Methods for Astrophysics, Astrophysics - Solar and Stellar Astrophysics},
         year = 2017,
        month = sep,
       volume = {605},
          eid = {A59},
        pages = {A59},
          doi = {10.1051/0004-6361/201730522},
archivePrefix = {arXiv},
       eprint = {1702.08729},
 primaryClass = {astro-ph.GA},
       adsurl = {https://ui.adsabs.harvard.edu/abs/2017A&A...605A..59R},
      adsnote = {Provided by the SAO/NASA Astrophysics Data System}
}

@ARTICLE{2018MNRAS.480..800H,
       author = {{Hopkins}, Philip F. and {Wetzel}, Andrew and {Kere{\v{s}}}, Du{\v{s}}an and {Faucher-Gigu{\`e}re}, Claude-Andr{\'e} and {Quataert}, Eliot and {Boylan-Kolchin}, Michael and {Murray}, Norman and {Hayward}, Christopher C. and {Garrison-Kimmel}, Shea and {Hummels}, Cameron and {Feldmann}, Robert and {Torrey}, Paul and {Ma}, Xiangcheng and {Angl{\'e}s-Alc{\'a}zar}, Daniel and {Su}, Kung-Yi and {Orr}, Matthew and {Schmitz}, Denise and {Escala}, Ivanna and {Sanderson}, Robyn and {Grudi{\'c}}, Michael Y. and {Hafen}, Zachary and {Kim}, Ji-Hoon and {Fitts}, Alex and {Bullock}, James S. and {Wheeler}, Coral and {Chan}, T.~K. and {Elbert}, Oliver D. and {Narayanan}, Desika},
        title = "{FIRE-2 simulations: physics versus numerics in galaxy formation}",
      journal = {\mnras},
     keywords = {methods: numerical, stars: formation, galaxies: active, galaxies: evolution, galaxies: formation, cosmology: theory, Astrophysics - Astrophysics of Galaxies, Astrophysics - Cosmology and Nongalactic Astrophysics, Astrophysics - Instrumentation and Methods for Astrophysics},
         year = 2018,
        month = oct,
       volume = {480},
       number = {1},
        pages = {800-863},
          doi = {10.1093/mnras/sty1690},
archivePrefix = {arXiv},
       eprint = {1702.06148},
 primaryClass = {astro-ph.GA},
       adsurl = {https://ui.adsabs.harvard.edu/abs/2018MNRAS.480..800H},
      adsnote = {Provided by the SAO/NASA Astrophysics Data System}
}

@ARTICLE{2015MNRAS.450...53H,
       author = {{Hopkins}, Philip F.},
        title = "{A new class of accurate, mesh-free hydrodynamic simulation methods}",
      journal = {\mnras},
     keywords = {hydrodynamics, instabilities, turbulence, methods: numerical, cosmology: theory, Astrophysics - Cosmology and Nongalactic Astrophysics, Astrophysics - Astrophysics of Galaxies, Astrophysics - Instrumentation and Methods for Astrophysics, Physics - Computational Physics, Physics - Fluid Dynamics},
         year = 2015,
        month = jun,
       volume = {450},
       number = {1},
        pages = {53-110},
          doi = {10.1093/mnras/stv195},
archivePrefix = {arXiv},
       eprint = {1409.7395},
 primaryClass = {astro-ph.CO},
       adsurl = {https://ui.adsabs.harvard.edu/abs/2015MNRAS.450...53H},
      adsnote = {Provided by the SAO/NASA Astrophysics Data System}
}

@ARTICLE{2018MNRAS.477.5072M,
       author = {{Mackereth}, J. Ted and {Crain}, Robert A. and {Schiavon}, Ricardo P. and {Schaye}, Joop and {Theuns}, Tom and {Schaller}, Matthieu},
        title = "{The origin of diverse {\ensuremath{\alpha}}-element abundances in galaxy discs}",
      journal = {\mnras},
     keywords = {Galaxy: abundances, Galaxy: disc, Galaxy: formation, galaxies: evolution, galaxies: stellar content, Astrophysics - Astrophysics of Galaxies},
         year = 2018,
        month = jul,
       volume = {477},
       number = {4},
        pages = {5072-5089},
          doi = {10.1093/mnras/sty972},
archivePrefix = {arXiv},
       eprint = {1801.03593},
 primaryClass = {astro-ph.GA},
       adsurl = {https://ui.adsabs.harvard.edu/abs/2018MNRAS.477.5072M},
      adsnote = {Provided by the SAO/NASA Astrophysics Data System}
}

@ARTICLE{2022MNRAS.515.1430D,
       author = {{Davies}, Jonathan J. and {Pontzen}, Andrew and {Crain}, Robert A.},
        title = "{Galaxy mergers can initiate quenching by unlocking an AGN-driven transformation of the baryon cycle}",
      journal = {\mnras},
     keywords = {methods: numerical, galaxies: evolution, galaxies: formation, galaxies: haloes, (galaxies:) quasars: supermassive black holes, Astrophysics - Astrophysics of Galaxies},
         year = 2022,
        month = sep,
       volume = {515},
       number = {1},
        pages = {1430-1443},
          doi = {10.1093/mnras/stac1742},
archivePrefix = {arXiv},
       eprint = {2203.08157},
 primaryClass = {astro-ph.GA},
       adsurl = {https://ui.adsabs.harvard.edu/abs/2022MNRAS.515.1430D},
      adsnote = {Provided by the SAO/NASA Astrophysics Data System}
}

@ARTICLE{2021MNRAS.501..236D,
       author = {{Davies}, Jonathan J. and {Crain}, Robert A. and {Pontzen}, Andrew},
        title = "{Quenching and morphological evolution due to circumgalactic gas expulsion in a simulated galaxy with a controlled assembly history}",
      journal = {\mnras},
     keywords = {methods: numerical, galaxies: evolution, galaxies: formation, galaxies: haloes, Astrophysics - Astrophysics of Galaxies, Astrophysics - Cosmology and Nongalactic Astrophysics},
         year = 2021,
        month = jan,
       volume = {501},
       number = {1},
        pages = {236-253},
          doi = {10.1093/mnras/staa3643},
archivePrefix = {arXiv},
       eprint = {2006.13221},
 primaryClass = {astro-ph.GA},
       adsurl = {https://ui.adsabs.harvard.edu/abs/2021MNRAS.501..236D},
      adsnote = {Provided by the SAO/NASA Astrophysics Data System}
}

@ARTICLE{2017MNRAS.465..547P,
       author = {{Pontzen}, Andrew and {Tremmel}, Michael and {Roth}, Nina and {Peiris}, Hiranya V. and {Saintonge}, Am{\'e}lie and {Volonteri}, Marta and {Quinn}, Tom and {Governato}, Fabio},
        title = "{How to quench a galaxy}",
      journal = {\mnras},
     keywords = {galaxies: evolution, galaxies: star formation, galaxies: stellar content, Astrophysics - Astrophysics of Galaxies, Astrophysics - Cosmology and Nongalactic Astrophysics},
         year = 2017,
        month = feb,
       volume = {465},
       number = {1},
        pages = {547-558},
          doi = {10.1093/mnras/stw2627},
archivePrefix = {arXiv},
       eprint = {1607.02507},
 primaryClass = {astro-ph.GA},
       adsurl = {https://ui.adsabs.harvard.edu/abs/2017MNRAS.465..547P},
      adsnote = {Provided by the SAO/NASA Astrophysics Data System}
}

@ARTICLE{2016MNRAS.455..974R,
       author = {{Roth}, Nina and {Pontzen}, Andrew and {Peiris}, Hiranya V.},
        title = "{Genetically modified haloes: towards controlled experiments in {\ensuremath{\Lambda}}CDM galaxy formation}",
      journal = {\mnras},
     keywords = {galaxies: evolution, galaxies: formation, dark matter, Astrophysics - Astrophysics of Galaxies, Astrophysics - Cosmology and Nongalactic Astrophysics},
         year = 2016,
        month = jan,
       volume = {455},
       number = {1},
        pages = {974-986},
          doi = {10.1093/mnras/stv2375},
archivePrefix = {arXiv},
       eprint = {1504.07250},
 primaryClass = {astro-ph.GA},
       adsurl = {https://ui.adsabs.harvard.edu/abs/2016MNRAS.455..974R},
      adsnote = {Provided by the SAO/NASA Astrophysics Data System}
}

@ARTICLE{2023arXiv231215012C,
       author = {{Cutler}, Sam E. and {Whitaker}, Katherine E. and {Weaver}, John R. and {Wang}, Bingjie and {Pan}, Richard and {Bezanson}, Rachel and {Furtak}, Lukas J. and {Labbe}, Ivo and {Leja}, Joel and {Price}, Sedona H. and {Cheng}, Yingjie and {Clausen}, Maike and {Cullen}, Fergus and {Dayal}, Pratika and {de Graaff}, Anna and {Dickinson}, Mark and {Dunlop}, James S. and {Feldmann}, Robert and {Franx}, Marijn and {Giavalisco}, Mauro and {Glazebrook}, Karl and {Greene}, Jenny E. and {Grogin}, Norman A. and {Illingworth}, Garth and {Koekemoer}, Anton M. and {Kokorev}, Vasily and {Marchesini}, Danilo and {Maseda}, Michael V. and {Miller}, Tim B. and {Nanayakkara}, Themiya and {Nelson}, Erica J. and {Setton}, David J. and {Shipley}, Heath and {Suess}, Katherine A.},
        title = "{Two Distinct Classes of Quiescent Galaxies at Cosmic Noon Revealed by JWST PRIMER and UNCOVER}",
      journal = {arXiv e-prints},
     keywords = {Astrophysics - Astrophysics of Galaxies},
         year = 2023,
        month = dec,
          eid = {arXiv:2312.15012},
        pages = {arXiv:2312.15012},
          doi = {10.48550/arXiv.2312.15012},
archivePrefix = {arXiv},
       eprint = {2312.15012},
 primaryClass = {astro-ph.GA},
       adsurl = {https://ui.adsabs.harvard.edu/abs/2023arXiv231215012C},
      adsnote = {Provided by the SAO/NASA Astrophysics Data System}
}

@ARTICLE{2023ApJ...953..119P,
       author = {{Park}, Minjung and {Belli}, Sirio and {Conroy}, Charlie and {Tacchella}, Sandro and {Leja}, Joel and {Cutler}, Sam E. and {Johnson}, Benjamin D. and {Nelson}, Erica J. and {Emami}, Razieh},
        title = "{Rapid Quenching of Galaxies at Cosmic Noon}",
      journal = {\apj},
     keywords = {Galaxy formation, Galaxy evolution, Galaxy quenching, 595, 594, 2040, Astrophysics - Astrophysics of Galaxies},
         year = 2023,
        month = aug,
       volume = {953},
       number = {1},
          eid = {119},
        pages = {119},
          doi = {10.3847/1538-4357/acd54a},
archivePrefix = {arXiv},
       eprint = {2210.03747},
 primaryClass = {astro-ph.GA},
       adsurl = {https://ui.adsabs.harvard.edu/abs/2023ApJ...953..119P},
      adsnote = {Provided by the SAO/NASA Astrophysics Data System}
}

@ARTICLE{2016MNRAS.463..832W,
       author = {{Wild}, Vivienne and {Almaini}, Omar and {Dunlop}, Jim and {Simpson}, Chris and {Rowlands}, Kate and {Bowler}, Rebecca and {Maltby}, David and {McLure}, Ross},
        title = "{The evolution of post-starburst galaxies from z=2 to 0.5}",
      journal = {\mnras},
     keywords = {galaxies: evolution, galaxies: formation, galaxies: high-redshift, galaxies: luminosity function, mass function, galaxies: stellar content, Astrophysics - Astrophysics of Galaxies},
         year = 2016,
        month = nov,
       volume = {463},
       number = {1},
        pages = {832-844},
          doi = {10.1093/mnras/stw1996},
archivePrefix = {arXiv},
       eprint = {1608.00588},
 primaryClass = {astro-ph.GA},
       adsurl = {https://ui.adsabs.harvard.edu/abs/2016MNRAS.463..832W},
      adsnote = {Provided by the SAO/NASA Astrophysics Data System}
}

@ARTICLE{2023arXiv231016085K,
       author = {{Kimmig}, Lucas C. and {Remus}, Rhea-Silvia and {Seidel}, Benjamin and {Valenzuela}, Lucas M. and {Dolag}, Klaus and {Burkert}, Andreas},
        title = "{Blowing out the Candle: How to Quench Galaxies at High Redshift -- an Ensemble of Rapid Starbursts, AGN Feedback and Environment}",
      journal = {arXiv e-prints},
     keywords = {Astrophysics - Astrophysics of Galaxies, Astrophysics - Cosmology and Nongalactic Astrophysics},
         year = 2023,
        month = oct,
          eid = {arXiv:2310.16085},
        pages = {arXiv:2310.16085},
          doi = {10.48550/arXiv.2310.16085},
archivePrefix = {arXiv},
       eprint = {2310.16085},
 primaryClass = {astro-ph.GA},
       adsurl = {https://ui.adsabs.harvard.edu/abs/2023arXiv231016085K},
      adsnote = {Provided by the SAO/NASA Astrophysics Data System}
}

@ARTICLE{2013MNRAS.436.3031V,
       author = {{Vogelsberger}, Mark and {Genel}, Shy and {Sijacki}, Debora and {Torrey}, Paul and {Springel}, Volker and {Hernquist}, Lars},
        title = "{A model for cosmological simulations of galaxy formation physics}",
      journal = {\mnras},
     keywords = {methods: numerical, cosmology: theory, Astrophysics - Cosmology and Nongalactic Astrophysics},
         year = 2013,
        month = dec,
       volume = {436},
       number = {4},
        pages = {3031-3067},
          doi = {10.1093/mnras/stt1789},
archivePrefix = {arXiv},
       eprint = {1305.2913},
 primaryClass = {astro-ph.CO},
       adsurl = {https://ui.adsabs.harvard.edu/abs/2013MNRAS.436.3031V},
      adsnote = {Provided by the SAO/NASA Astrophysics Data System}
}

@ARTICLE{2017MNRAS.465.3291W,
       author = {{Weinberger}, Rainer and {Springel}, Volker and {Hernquist}, Lars and {Pillepich}, Annalisa and {Marinacci}, Federico and {Pakmor}, R{\"u}diger and {Nelson}, Dylan and {Genel}, Shy and {Vogelsberger}, Mark and {Naiman}, Jill and {Torrey}, Paul},
        title = "{Simulating galaxy formation with black hole driven thermal and kinetic feedback}",
      journal = {\mnras},
     keywords = {black hole physics, methods: numerical, galaxies: clusters: general, galaxies: evolution, galaxies: formation, cosmology: theory, Astrophysics - Astrophysics of Galaxies},
         year = 2017,
        month = mar,
       volume = {465},
       number = {3},
        pages = {3291-3308},
          doi = {10.1093/mnras/stw2944},
archivePrefix = {arXiv},
       eprint = {1607.03486},
 primaryClass = {astro-ph.GA},
       adsurl = {https://ui.adsabs.harvard.edu/abs/2017MNRAS.465.3291W},
      adsnote = {Provided by the SAO/NASA Astrophysics Data System}
}

@ARTICLE{2018MNRAS.473.4077P,
       author = {{Pillepich}, Annalisa and {Springel}, Volker and {Nelson}, Dylan and {Genel}, Shy and {Naiman}, Jill and {Pakmor}, R{\"u}diger and {Hernquist}, Lars and {Torrey}, Paul and {Vogelsberger}, Mark and {Weinberger}, Rainer and {Marinacci}, Federico},
        title = "{Simulating galaxy formation with the IllustrisTNG model}",
      journal = {\mnras},
     keywords = {methods: numerical, galaxies: evolution, galaxies: formation, Astrophysics - Astrophysics of Galaxies, Astrophysics - Cosmology and Nongalactic Astrophysics},
         year = 2018,
        month = jan,
       volume = {473},
       number = {3},
        pages = {4077-4106},
          doi = {10.1093/mnras/stx2656},
archivePrefix = {arXiv},
       eprint = {1703.02970},
 primaryClass = {astro-ph.GA},
       adsurl = {https://ui.adsabs.harvard.edu/abs/2018MNRAS.473.4077P},
      adsnote = {Provided by the SAO/NASA Astrophysics Data System}
}

@ARTICLE{1997NuPhA.621..467N,
       author = {{Nomoto}, K. and {Iwamoto}, K. and {Nakasato}, N. and {Thielemann}, F. -K. and {Brachwitz}, F. and {Tsujimoto}, T. and {Kubo}, Y. and {Kishimoto}, N.},
        title = "{Nucleosynthesis in type Ia supernovae}",
      journal = {\nphysa},
     keywords = {Astrophysics},
         year = 1997,
        month = feb,
       volume = {621},
        pages = {467-476},
          doi = {10.1016/S0375-9474(97)00291-1},
archivePrefix = {arXiv},
       eprint = {astro-ph/9706025},
 primaryClass = {astro-ph},
       adsurl = {https://ui.adsabs.harvard.edu/abs/1997NuPhA.621..467N},
      adsnote = {Provided by the SAO/NASA Astrophysics Data System}
}

@ARTICLE{2006ApJ...653.1145K,
       author = {{Kobayashi}, Chiaki and {Umeda}, Hideyuki and {Nomoto}, Ken'ichi and {Tominaga}, Nozomu and {Ohkubo}, Takuya},
        title = "{Galactic Chemical Evolution: Carbon through Zinc}",
      journal = {\apj},
     keywords = {Galaxies: Abundances, Galaxies: Evolution, Stars: Supernovae: General, Astrophysics},
         year = 2006,
        month = dec,
       volume = {653},
       number = {2},
        pages = {1145-1171},
          doi = {10.1086/508914},
archivePrefix = {arXiv},
       eprint = {astro-ph/0608688},
 primaryClass = {astro-ph},
       adsurl = {https://ui.adsabs.harvard.edu/abs/2006ApJ...653.1145K},
      adsnote = {Provided by the SAO/NASA Astrophysics Data System}
}

@ARTICLE{1998A&A...334..505P,
       author = {{Portinari}, L. and {Chiosi}, C. and {Bressan}, A.},
        title = "{Galactic chemical enrichment with new metallicity dependent stellar yields}",
      journal = {\aap},
     keywords = {NUCLEAR REACTIONS, NUCLEOSYNTHESIS, ABUNDANCES, STARS: MASS LOSS, SUPERNOVAE: GENERAL, GALAXY: EVOLUTION, GALAXY: ABUNDANCES, SOLAR NEIGHBOURHOOD, Astrophysics},
         year = 1998,
        month = jun,
       volume = {334},
        pages = {505-539},
          doi = {10.48550/arXiv.astro-ph/9711337},
archivePrefix = {arXiv},
       eprint = {astro-ph/9711337},
 primaryClass = {astro-ph},
       adsurl = {https://ui.adsabs.harvard.edu/abs/1998A&A...334..505P},
      adsnote = {Provided by the SAO/NASA Astrophysics Data System}
}

@ARTICLE{2010MNRAS.403.1413K,
       author = {{Karakas}, A.~I.},
        title = "{Updated stellar yields from asymptotic giant branch models}",
      journal = {\mnras},
     keywords = {nuclear reactions, nucleosynthesis, abundances, stars: AGB and post-AGB, stars: Population II, ISM: abundances, Astrophysics - Solar and Stellar Astrophysics, Astrophysics - Astrophysics of Galaxies},
         year = 2010,
        month = apr,
       volume = {403},
       number = {3},
        pages = {1413-1425},
          doi = {10.1111/j.1365-2966.2009.16198.x},
archivePrefix = {arXiv},
       eprint = {0912.2142},
 primaryClass = {astro-ph.SR},
       adsurl = {https://ui.adsabs.harvard.edu/abs/2010MNRAS.403.1413K},
      adsnote = {Provided by the SAO/NASA Astrophysics Data System}
}

@ARTICLE{2014MNRAS.437..195D,
       author = {{Doherty}, Carolyn L. and {Gil-Pons}, Pilar and {Lau}, Herbert H.~B. and {Lattanzio}, John C. and {Siess}, Lionel},
        title = "{Super and massive AGB stars - II. Nucleosynthesis and yields - Z = 0.02, 0.008 and 0.004}",
      journal = {\mnras},
     keywords = {nuclear reactions, nucleosynthesis, abundances, stars: AGB and post-AGB, ISM: abundances, Astrophysics - Solar and Stellar Astrophysics},
         year = 2014,
        month = jan,
       volume = {437},
       number = {1},
        pages = {195-214},
          doi = {10.1093/mnras/stt1877},
archivePrefix = {arXiv},
       eprint = {1310.2614},
 primaryClass = {astro-ph.SR},
       adsurl = {https://ui.adsabs.harvard.edu/abs/2014MNRAS.437..195D},
      adsnote = {Provided by the SAO/NASA Astrophysics Data System}
}

@ARTICLE{2014ApJ...797...44F,
       author = {{Fishlock}, Cherie K. and {Karakas}, Amanda I. and {Lugaro}, Maria and {Yong}, David},
        title = "{Evolution and Nucleosynthesis of Asymptotic Giant Branch Stellar Models of Low Metallicity}",
      journal = {\apj},
     keywords = {nuclear reactions, nucleosynthesis, abundances, stars: abundances, stars: AGB and post-AGB, Astrophysics - Solar and Stellar Astrophysics},
         year = 2014,
        month = dec,
       volume = {797},
       number = {1},
          eid = {44},
        pages = {44},
          doi = {10.1088/0004-637X/797/1/44},
archivePrefix = {arXiv},
       eprint = {1410.7457},
 primaryClass = {astro-ph.SR},
       adsurl = {https://ui.adsabs.harvard.edu/abs/2014ApJ...797...44F},
      adsnote = {Provided by the SAO/NASA Astrophysics Data System}
}

@ARTICLE{2003MNRAS.339..289S,
       author = {{Springel}, Volker and {Hernquist}, Lars},
        title = "{Cosmological smoothed particle hydrodynamics simulations: a hybrid multiphase model for star formation}",
      journal = {\mnras},
     keywords = {methods: numerical, galaxies: evolution, galaxies: formation, Astrophysics},
         year = 2003,
        month = feb,
       volume = {339},
       number = {2},
        pages = {289-311},
          doi = {10.1046/j.1365-8711.2003.06206.x},
archivePrefix = {arXiv},
       eprint = {astro-ph/0206393},
 primaryClass = {astro-ph},
       adsurl = {https://ui.adsabs.harvard.edu/abs/2003MNRAS.339..289S},
      adsnote = {Provided by the SAO/NASA Astrophysics Data System}
}

@ARTICLE{1986Natur.324..446B,
       author = {{Barnes}, Josh and {Hut}, Piet},
        title = "{A hierarchical O(N log N) force-calculation algorithm}",
      journal = {\nat},
     keywords = {Computational Astrophysics, Many Body Problem, Numerical Integration, Stellar Motions, Algorithms, Hierarchies, Physics (General)},
         year = 1986,
        month = dec,
       volume = {324},
       number = {6096},
        pages = {446-449},
          doi = {10.1038/324446a0},
       adsurl = {https://ui.adsabs.harvard.edu/abs/1986Natur.324..446B},
      adsnote = {Provided by the SAO/NASA Astrophysics Data System}
}

@ARTICLE{2010MNRAS.401..791S,
       author = {{Springel}, Volker},
        title = "{E pur si muove: Galilean-invariant cosmological hydrodynamical simulations on a moving mesh}",
      journal = {\mnras},
     keywords = {methods: numerical, galaxies: interactions, cosmology: dark matter, Astrophysics - Cosmology and Nongalactic Astrophysics},
         year = 2010,
        month = jan,
       volume = {401},
       number = {2},
        pages = {791-851},
          doi = {10.1111/j.1365-2966.2009.15715.x},
archivePrefix = {arXiv},
       eprint = {0901.4107},
 primaryClass = {astro-ph.CO},
       adsurl = {https://ui.adsabs.harvard.edu/abs/2010MNRAS.401..791S},
      adsnote = {Provided by the SAO/NASA Astrophysics Data System}
}

@ARTICLE{2016MNRAS.455.1134P,
       author = {{Pakmor}, R{\"u}diger and {Springel}, Volker and {Bauer}, Andreas and {Mocz}, Philip and {Munoz}, Diego J. and {Ohlmann}, Sebastian T. and {Schaal}, Kevin and {Zhu}, Chenchong},
        title = "{Improving the convergence properties of the moving-mesh code AREPO}",
      journal = {\mnras},
     keywords = {hydrodynamics, methods: numerical, galaxy: formation, Astrophysics - Astrophysics of Galaxies, Astrophysics - Cosmology and Nongalactic Astrophysics, Astrophysics - Instrumentation and Methods for Astrophysics},
         year = 2016,
        month = jan,
       volume = {455},
       number = {1},
        pages = {1134-1143},
          doi = {10.1093/mnras/stv2380},
archivePrefix = {arXiv},
       eprint = {1503.00562},
 primaryClass = {astro-ph.GA},
       adsurl = {https://ui.adsabs.harvard.edu/abs/2016MNRAS.455.1134P},
      adsnote = {Provided by the SAO/NASA Astrophysics Data System}
}

@ARTICLE{2019MNRAS.489.4233M,
       author = {{Marinacci}, Federico and {Sales}, Laura V. and {Vogelsberger}, Mark and {Torrey}, Paul and {Springel}, Volker},
        title = "{Simulating the interstellar medium and stellar feedback on a moving mesh: implementation and isolated galaxies}",
      journal = {\mnras},
     keywords = {ISM: general, galaxies: evolution, galaxies: formation, galaxies: ISM, Astrophysics - Astrophysics of Galaxies},
         year = 2019,
        month = nov,
       volume = {489},
       number = {3},
        pages = {4233-4260},
          doi = {10.1093/mnras/stz2391},
archivePrefix = {arXiv},
       eprint = {1905.08806},
 primaryClass = {astro-ph.GA},
       adsurl = {https://ui.adsabs.harvard.edu/abs/2019MNRAS.489.4233M},
      adsnote = {Provided by the SAO/NASA Astrophysics Data System}
}

@ARTICLE{2016ARA&A..54..529B,
       author = {{Bland-Hawthorn}, Joss and {Gerhard}, Ortwin},
        title = "{The Galaxy in Context: Structural, Kinematic, and Integrated Properties}",
      journal = {\araa},
     keywords = {Astrophysics - Astrophysics of Galaxies},
         year = 2016,
        month = sep,
       volume = {54},
        pages = {529-596},
          doi = {10.1146/annurev-astro-081915-023441},
archivePrefix = {arXiv},
       eprint = {1602.07702},
 primaryClass = {astro-ph.GA},
       adsurl = {https://ui.adsabs.harvard.edu/abs/2016ARA&A..54..529B},
      adsnote = {Provided by the SAO/NASA Astrophysics Data System}
}

@ARTICLE{2022MNRAS.515.1524Z,
       author = {{Zana}, Tommaso and {Lupi}, Alessandro and {Bonetti}, Matteo and {Dotti}, Massimo and {Rosas-Guevara}, Yetli and {Izquierdo-Villalba}, David and {Bonoli}, Silvia and {Hernquist}, Lars and {Nelson}, Dylan},
        title = "{Morphological decomposition of TNG50 galaxies: methodology and catalogue}",
      journal = {\mnras},
     keywords = {gravitation, methods: numerical, stars: kinematics and dynamics, galaxies: structure, Astrophysics - Astrophysics of Galaxies, Astrophysics - Instrumentation and Methods for Astrophysics},
         year = 2022,
        month = sep,
       volume = {515},
       number = {1},
        pages = {1524-1543},
          doi = {10.1093/mnras/stac1708},
archivePrefix = {arXiv},
       eprint = {2206.04693},
 primaryClass = {astro-ph.GA},
       adsurl = {https://ui.adsabs.harvard.edu/abs/2022MNRAS.515.1524Z},
      adsnote = {Provided by the SAO/NASA Astrophysics Data System}
}

@ARTICLE{2014ApJ...788...28V,
       author = {{van der Wel}, A. and {Franx}, M. and {van Dokkum}, P.~G. and {Skelton}, R.~E. and {Momcheva}, I.~G. and {Whitaker}, K.~E. and {Brammer}, G.~B. and {Bell}, E.~F. and {Rix}, H. -W. and {Wuyts}, S. and {Ferguson}, H.~C. and {Holden}, B.~P. and {Barro}, G. and {Koekemoer}, A.~M. and {Chang}, Yu-Yen and {McGrath}, E.~J. and {H{\"a}ussler}, B. and {Dekel}, A. and {Behroozi}, P. and {Fumagalli}, M. and {Leja}, J. and {Lundgren}, B.~F. and {Maseda}, M.~V. and {Nelson}, E.~J. and {Wake}, D.~A. and {Patel}, S.~G. and {Labb{\'e}}, I. and {Faber}, S.~M. and {Grogin}, N.~A. and {Kocevski}, D.~D.},
        title = "{3D-HST+CANDELS: The Evolution of the Galaxy Size-Mass Distribution since z = 3}",
      journal = {\apj},
     keywords = {galaxies: evolution, galaxies: fundamental parameters, galaxies: high-redshift, galaxies: structure, Astrophysics - Astrophysics of Galaxies, Astrophysics - Cosmology and Nongalactic Astrophysics},
         year = 2014,
        month = jun,
       volume = {788},
       number = {1},
          eid = {28},
        pages = {28},
          doi = {10.1088/0004-637X/788/1/28},
archivePrefix = {arXiv},
       eprint = {1404.2844},
 primaryClass = {astro-ph.GA},
       adsurl = {https://ui.adsabs.harvard.edu/abs/2014ApJ...788...28V},
      adsnote = {Provided by the SAO/NASA Astrophysics Data System}
}

@ARTICLE{2023arXiv231215012C,
       author = {{Cutler}, Sam E. and {Whitaker}, Katherine E. and {Weaver}, John R. and {Wang}, Bingjie and {Pan}, Richard and {Bezanson}, Rachel and {Furtak}, Lukas J. and {Labbe}, Ivo and {Leja}, Joel and {Price}, Sedona H. and {Cheng}, Yingjie and {Clausen}, Maike and {Cullen}, Fergus and {Dayal}, Pratika and {de Graaff}, Anna and {Dickinson}, Mark and {Dunlop}, James S. and {Feldmann}, Robert and {Franx}, Marijn and {Giavalisco}, Mauro and {Glazebrook}, Karl and {Greene}, Jenny E. and {Grogin}, Norman A. and {Illingworth}, Garth and {Koekemoer}, Anton M. and {Kokorev}, Vasily and {Marchesini}, Danilo and {Maseda}, Michael V. and {Miller}, Tim B. and {Nanayakkara}, Themiya and {Nelson}, Erica J. and {Setton}, David J. and {Shipley}, Heath and {Suess}, Katherine A.},
        title = "{Two Distinct Classes of Quiescent Galaxies at Cosmic Noon Revealed by JWST PRIMER and UNCOVER}",
      journal = {arXiv e-prints},
     keywords = {Astrophysics - Astrophysics of Galaxies},
         year = 2023,
        month = dec,
          eid = {arXiv:2312.15012},
        pages = {arXiv:2312.15012},
          doi = {10.48550/arXiv.2312.15012},
archivePrefix = {arXiv},
       eprint = {2312.15012},
 primaryClass = {astro-ph.GA},
       adsurl = {https://ui.adsabs.harvard.edu/abs/2023arXiv231215012C},
      adsnote = {Provided by the SAO/NASA Astrophysics Data System}
}

@ARTICLE{2023arXiv231212207A,
       author = {{Alberts}, Stacey and {Williams}, Christina C. and {Helton}, Jakob M. and {Suess}, Katherine A. and {Ji}, Zhiyuan and {Shivaei}, Irene and {Lyu}, Jianwei and {Rieke}, George and {Baker}, William M. and {Bonaventura}, Nina and {Bunker}, Andrew J. and {Carniani}, Stefano and {Charlot}, Stephane and {Curtis-Lake}, Emma and {D'Eugenio}, Francesco and {Eisenstein}, Daniel J. and {de Graaff}, Anna and {Hainline}, Kevin N. and {Hausen}, Ryan and {Johnson}, Benjamin D. and {Maiolino}, Roberto and {Parlanti}, Eleonora and {Rieke}, Marcia J. and {Robertson}, Brant E. and {Sun}, Yang and {Tacchella}, Sandro and {Willmer}, Christopher N.~A. and {Willott}, Chris J.},
        title = "{To high redshift and low mass: exploring the emergence of quenched galaxies and their environments at $3<z<6$ in the ultra-deep JADES MIRI F770W parallel}",
      journal = {arXiv e-prints},
     keywords = {Astrophysics - Astrophysics of Galaxies},
         year = 2023,
        month = dec,
          eid = {arXiv:2312.12207},
        pages = {arXiv:2312.12207},
          doi = {10.48550/arXiv.2312.12207},
archivePrefix = {arXiv},
       eprint = {2312.12207},
 primaryClass = {astro-ph.GA},
       adsurl = {https://ui.adsabs.harvard.edu/abs/2023arXiv231212207A},
      adsnote = {Provided by the SAO/NASA Astrophysics Data System}
}

@ARTICLE{2023arXiv230805795B,
       author = {{Belli}, Sirio and {Park}, Minjung and {Davies}, Rebecca L. and {Mendel}, J. Trevor and {Johnson}, Benjamin D. and {Conroy}, Charlie and {Benton}, Chlo{\"e} and {Bugiani}, Letizia and {Emami}, Razieh and {Leja}, Joel and {Li}, Yijia and {Maheson}, Gabriel and {Mathews}, Elijah P. and {Naidu}, Rohan P. and {Nelson}, Erica J. and {Tacchella}, Sandro and {Terrazas}, Bryan A. and {Weinberger}, Rainer},
        title = "{Massive and Multiphase Gas Outflow in a Quenching Galaxy at z=2.445}",
      journal = {arXiv e-prints},
     keywords = {Astrophysics - Astrophysics of Galaxies},
         year = 2023,
        month = aug,
          eid = {arXiv:2308.05795},
        pages = {arXiv:2308.05795},
          doi = {10.48550/arXiv.2308.05795},
archivePrefix = {arXiv},
       eprint = {2308.05795},
 primaryClass = {astro-ph.GA},
       adsurl = {https://ui.adsabs.harvard.edu/abs/2023arXiv230805795B},
      adsnote = {Provided by the SAO/NASA Astrophysics Data System}
}

@ARTICLE{2014ApJ...795...23B,
       author = {{Bedell}, Megan and {Mel{\'e}ndez}, Jorge and {Bean}, Jacob L. and {Ram{\'\i}rez}, Ivan and {Leite}, Paulo and {Asplund}, Martin},
        title = "{Stellar Chemical Abundances: In Pursuit of the Highest Achievable Precision}",
      journal = {\apj},
     keywords = {stars: abundances, stars: fundamental parameters, techniques: spectroscopic, Astrophysics - Solar and Stellar Astrophysics, Astrophysics - Earth and Planetary Astrophysics},
         year = 2014,
        month = nov,
       volume = {795},
       number = {1},
          eid = {23},
        pages = {23},
          doi = {10.1088/0004-637X/795/1/23},
archivePrefix = {arXiv},
       eprint = {1409.1230},
 primaryClass = {astro-ph.SR},
       adsurl = {https://ui.adsabs.harvard.edu/abs/2014ApJ...795...23B},
      adsnote = {Provided by the SAO/NASA Astrophysics Data System}
}

@ARTICLE{2018MNRAS.474.2580S,
       author = {{Spina}, Lorenzo and {Mel{\'e}ndez}, Jorge and {Karakas}, Amanda I. and {dos Santos}, Leonardo and {Bedell}, Megan and {Asplund}, Martin and {Ram{\'\i}rez}, Ivan and {Yong}, David and {Alves-Brito}, Alan and {Bean}, Jacob L. and {Dreizler}, Stefan},
        title = "{The temporal evolution of neutron-capture elements in the Galactic discs}",
      journal = {\mnras},
     keywords = {stars: abundances, Galaxy: abundances, Galaxy: disc, Galaxy: evolution, Astrophysics - Solar and Stellar Astrophysics, Astrophysics - Astrophysics of Galaxies},
         year = 2018,
        month = feb,
       volume = {474},
       number = {2},
        pages = {2580-2593},
          doi = {10.1093/mnras/stx2938},
archivePrefix = {arXiv},
       eprint = {1711.03643},
 primaryClass = {astro-ph.SR},
       adsurl = {https://ui.adsabs.harvard.edu/abs/2018MNRAS.474.2580S},
      adsnote = {Provided by the SAO/NASA Astrophysics Data System}
}

@ARTICLE{2023A&ARv..31....1A,
       author = {{Arcones}, Almudena and {Thielemann}, Friedrich-Karl},
        title = "{Origin of the elements}",
      journal = {\aapr},
     keywords = {Element abundance, Big Bang nucleosynthesis, Stellar evolution, Core collapse, Supernovae, Compact binary mergers, Galactic evolution},
         year = 2023,
        month = dec,
       volume = {31},
       number = {1},
          eid = {1},
        pages = {1},
          doi = {10.1007/s00159-022-00146-x},
       adsurl = {https://ui.adsabs.harvard.edu/abs/2023A&ARv..31....1A},
      adsnote = {Provided by the SAO/NASA Astrophysics Data System}
}

@INPROCEEDINGS{2024IAUS..377..115N,
       author = {{Nidever}, David L. and {Gilbert}, Karoline and {Tollerud}, Erik and {Siders}, Charles and {Escala}, Ivanna and {Prieto}, Carlos Allende and {Smith}, Verne and {Cunha}, Katia and {Debattista}, Victor P. and {Ting}, Yuan-Sen and {Kirby}, Evan N.},
        title = "{The Prevalence of the {\ensuremath{\alpha}}-bimodality: First JWST {\ensuremath{\alpha}}-abundance Results in M31}",
     keywords = {galaxies: abundances, galaxies: stellar content, galaxies: structure, galaxies: evolution, Andromeda galaxy, Astrophysics - Astrophysics of Galaxies},
    booktitle = {Early Disk-Galaxy Formation from JWST to the Milky Way},
         year = 2024,
       editor = {{Tabatabaei}, Fatemeh and {Barbuy}, Beatriz and {Ting}, Yuan-Sen},
       volume = {377},
        month = jan,
        pages = {115-122},
          doi = {10.1017/S1743921323002016},
archivePrefix = {arXiv},
       eprint = {2306.04688},
 primaryClass = {astro-ph.GA},
       adsurl = {https://ui.adsabs.harvard.edu/abs/2024IAUS..377..115N},
      adsnote = {Provided by the SAO/NASA Astrophysics Data System}
}

@ARTICLE{2018MNRAS.478..611B,
       author = {{Belokurov}, V. and {Erkal}, D. and {Evans}, N.~W. and {Koposov}, S.~E. and {Deason}, A.~J.},
        title = "{Co-formation of the disc and the stellar halo}",
      journal = {\mnras},
     keywords = {galaxies: dwarf, Local Group, galaxies: structure, Astrophysics - Astrophysics of Galaxies},
         year = 2018,
        month = jul,
       volume = {478},
       number = {1},
        pages = {611-619},
          doi = {10.1093/mnras/sty982},
archivePrefix = {arXiv},
       eprint = {1802.03414},
 primaryClass = {astro-ph.GA},
       adsurl = {https://ui.adsabs.harvard.edu/abs/2018MNRAS.478..611B},
      adsnote = {Provided by the SAO/NASA Astrophysics Data System}
}

@ARTICLE{2018Natur.563...85H,
       author = {{Helmi}, Amina and {Babusiaux}, Carine and {Koppelman}, Helmer H. and {Massari}, Davide and {Veljanoski}, Jovan and {Brown}, Anthony G.~A.},
        title = "{The merger that led to the formation of the Milky Way's inner stellar halo and thick disk}",
      journal = {\nat},
     keywords = {Astrophysics - Astrophysics of Galaxies},
         year = 2018,
        month = oct,
       volume = {563},
       number = {7729},
        pages = {85-88},
          doi = {10.1038/s41586-018-0625-x},
archivePrefix = {arXiv},
       eprint = {1806.06038},
 primaryClass = {astro-ph.GA},
       adsurl = {https://ui.adsabs.harvard.edu/abs/2018Natur.563...85H},
      adsnote = {Provided by the SAO/NASA Astrophysics Data System}
}

@ARTICLE{2020ApJ...901...48N,
       author = {{Naidu}, Rohan P. and {Conroy}, Charlie and {Bonaca}, Ana and {Johnson}, Benjamin D. and {Ting}, Yuan-Sen and {Caldwell}, Nelson and {Zaritsky}, Dennis and {Cargile}, Phillip A.},
        title = "{Evidence from the H3 Survey That the Stellar Halo Is Entirely Comprised of Substructure}",
      journal = {\apj},
     keywords = {Galaxy stellar halos, Galaxy kinematics, Milky Way evolution, Galaxy evolution, Galaxy formation, Milky Way formation, Milky Way Galaxy, Milky Way stellar halo, 598, 602, 1052, 594, 595, 1053, 1054, 1060, Astrophysics - Astrophysics of Galaxies},
         year = 2020,
        month = sep,
       volume = {901},
       number = {1},
          eid = {48},
        pages = {48},
          doi = {10.3847/1538-4357/abaef4},
archivePrefix = {arXiv},
       eprint = {2006.08625},
 primaryClass = {astro-ph.GA},
       adsurl = {https://ui.adsabs.harvard.edu/abs/2020ApJ...901...48N},
      adsnote = {Provided by the SAO/NASA Astrophysics Data System}
}

@ARTICLE{2020ApJ...897L..18B,
       author = {{Bonaca}, Ana and {Conroy}, Charlie and {Cargile}, Phillip A. and {Naidu}, Rohan P. and {Johnson}, Benjamin D. and {Zaritsky}, Dennis and {Ting}, Yuan-Sen and {Caldwell}, Nelson and {Han}, Jiwon Jesse and {van Dokkum}, Pieter},
        title = "{Timing the Early Assembly of the Milky Way with the H3 Survey}",
      journal = {\apjl},
     keywords = {Milky Way stellar halo, Milky Way dynamics, Galaxy evolution, Astrometry, Galaxy chemical evolution, Galaxy formation, Spectroscopy, Stellar ages, Milky Way Galaxy, 1060, 1051, 594, 80, 580, 595, 1558, 1581, 1054, Astrophysics - Astrophysics of Galaxies},
         year = 2020,
        month = jul,
       volume = {897},
       number = {1},
          eid = {L18},
        pages = {L18},
          doi = {10.3847/2041-8213/ab9caa},
archivePrefix = {arXiv},
       eprint = {2004.11384},
 primaryClass = {astro-ph.GA},
       adsurl = {https://ui.adsabs.harvard.edu/abs/2020ApJ...897L..18B},
      adsnote = {Provided by the SAO/NASA Astrophysics Data System}
}

@ARTICLE{2019MNRAS.484.4471F,
       author = {{Fattahi}, Azadeh and {Belokurov}, Vasily and {Deason}, Alis J. and {Frenk}, Carlos S. and {G{\'o}mez}, Facundo A. and {Grand}, Robert J.~J. and {Marinacci}, Federico and {Pakmor}, R{\"u}diger and {Springel}, Volker},
        title = "{The origin of galactic metal-rich stellar halo components with highly eccentric orbits}",
      journal = {\mnras},
     keywords = {methods: numerical, obsevational, Galaxy: evolution, Galaxy: halo, Galaxy: kinematics and dynamics, Astrophysics - Astrophysics of Galaxies},
         year = 2019,
        month = apr,
       volume = {484},
       number = {4},
        pages = {4471-4483},
          doi = {10.1093/mnras/stz159},
archivePrefix = {arXiv},
       eprint = {1810.07779},
 primaryClass = {astro-ph.GA},
       adsurl = {https://ui.adsabs.harvard.edu/abs/2019MNRAS.484.4471F},
      adsnote = {Provided by the SAO/NASA Astrophysics Data System}
}

@ARTICLE{2019MNRAS.487L..47V,
       author = {{Vincenzo}, Fiorenzo and {Spitoni}, Emanuele and {Calura}, Francesco and {Matteucci}, Francesca and {Silva Aguirre}, Victor and {Miglio}, Andrea and {Cescutti}, Gabriele},
        title = "{The Fall of a Giant. Chemical evolution of Enceladus, alias the Gaia Sausage}",
      journal = {\mnras},
     keywords = {stars: abundances, Galaxy: abundances, Galaxy: evolution, Galaxy: formation, galaxies: individual: Enceladus, galaxies: individual: Gaia Sausage, Astrophysics - Astrophysics of Galaxies},
         year = 2019,
        month = jul,
       volume = {487},
       number = {1},
        pages = {L47-L52},
          doi = {10.1093/mnrasl/slz070},
archivePrefix = {arXiv},
       eprint = {1903.03465},
 primaryClass = {astro-ph.GA},
       adsurl = {https://ui.adsabs.harvard.edu/abs/2019MNRAS.487L..47V},
      adsnote = {Provided by the SAO/NASA Astrophysics Data System}
}

@ARTICLE{2019MNRAS.488.1235M,
       author = {{Myeong}, G.~C. and {Vasiliev}, E. and {Iorio}, G. and {Evans}, N.~W. and {Belokurov}, V.},
        title = "{Evidence for two early accretion events that built the Milky Way stellar halo}",
      journal = {\mnras},
     keywords = {Galaxy: formation, Galaxy: halo, Galaxy: kinematics and dynamics, Galaxy: stellar content, Astrophysics - Astrophysics of Galaxies, Astrophysics - Solar and Stellar Astrophysics},
         year = 2019,
        month = sep,
       volume = {488},
       number = {1},
        pages = {1235-1247},
          doi = {10.1093/mnras/stz1770},
archivePrefix = {arXiv},
       eprint = {1904.03185},
 primaryClass = {astro-ph.GA},
       adsurl = {https://ui.adsabs.harvard.edu/abs/2019MNRAS.488.1235M},
      adsnote = {Provided by the SAO/NASA Astrophysics Data System}
}

@ARTICLE{2020MNRAS.493.5195D,
       author = {{Das}, Payel and {Hawkins}, Keith and {Jofr{\'e}}, Paula},
        title = "{Ages and kinematics of chemically selected, accreted Milky Way halo stars}",
      journal = {\mnras},
     keywords = {Galaxy: abundances, Galaxy: evolution, Galaxy: halo, Galaxy: kinematics and dynamics, Astrophysics - Astrophysics of Galaxies},
         year = 2020,
        month = apr,
       volume = {493},
       number = {4},
        pages = {5195-5207},
          doi = {10.1093/mnras/stz3537},
archivePrefix = {arXiv},
       eprint = {1903.09320},
 primaryClass = {astro-ph.GA},
       adsurl = {https://ui.adsabs.harvard.edu/abs/2020MNRAS.493.5195D},
      adsnote = {Provided by the SAO/NASA Astrophysics Data System}
}

@ARTICLE{2020MNRAS.497..109F,
       author = {{Feuillet}, Diane K. and {Feltzing}, Sofia and {Sahlholdt}, Christian L. and {Casagrande}, Luca},
        title = "{The SkyMapper-Gaia RVS view of the Gaia-Enceladus-Sausage - an investigation of the metallicity and mass of the Milky Way's last major merger}",
      journal = {\mnras},
     keywords = {Galaxy: halo, galaxies: abundances, galaxies: formation, galaxies: kinematics and dynamics, galaxies: stellar content, Astrophysics - Astrophysics of Galaxies},
         year = 2020,
        month = sep,
       volume = {497},
       number = {1},
        pages = {109-124},
          doi = {10.1093/mnras/staa1888},
archivePrefix = {arXiv},
       eprint = {2003.11039},
 primaryClass = {astro-ph.GA},
       adsurl = {https://ui.adsabs.harvard.edu/abs/2020MNRAS.497..109F},
      adsnote = {Provided by the SAO/NASA Astrophysics Data System}
}

@ARTICLE{2019MNRAS.482.3426M,
       author = {{Mackereth}, J. Ted and {Schiavon}, Ricardo P. and {Pfeffer}, Joel and {Hayes}, Christian R. and {Bovy}, Jo and {Anguiano}, Borja and {Allende Prieto}, Carlos and {Hasselquist}, Sten and {Holtzman}, Jon and {Johnson}, Jennifer A. and {Majewski}, Steven R. and {O'Connell}, Robert and {Shetrone}, Matthew and {Tissera}, Patricia B. and {Fern{\'a}ndez-Trincado}, J.~G.},
        title = "{The origin of accreted stellar halo populations in the Milky Way using APOGEE, Gaia, and the EAGLE simulations}",
      journal = {\mnras},
     keywords = {Galaxy: abundances, Galaxy: formation, Galaxy: halo, Galaxy: kinematics and dynamics, Galaxy: stellar content, Astrophysics - Astrophysics of Galaxies},
         year = 2019,
        month = jan,
       volume = {482},
       number = {3},
        pages = {3426-3442},
          doi = {10.1093/mnras/sty2955},
archivePrefix = {arXiv},
       eprint = {1808.00968},
 primaryClass = {astro-ph.GA},
       adsurl = {https://ui.adsabs.harvard.edu/abs/2019MNRAS.482.3426M},
      adsnote = {Provided by the SAO/NASA Astrophysics Data System}
}

@ARTICLE{2020MNRAS.492.3631M,
       author = {{Mackereth}, J. Ted and {Bovy}, Jo},
        title = "{Weighing the stellar constituents of the galactic halo with APOGEE red giant stars}",
      journal = {\mnras},
     keywords = {Galaxy: fundamental parameters, Galaxy: halo, Galaxy: kinematics and dynamics, Galaxy: stellar content, Galaxy: structure, Astrophysics - Astrophysics of Galaxies},
         year = 2020,
        month = mar,
       volume = {492},
       number = {3},
        pages = {3631-3646},
          doi = {10.1093/mnras/staa047},
archivePrefix = {arXiv},
       eprint = {1910.03590},
 primaryClass = {astro-ph.GA},
       adsurl = {https://ui.adsabs.harvard.edu/abs/2020MNRAS.492.3631M},
      adsnote = {Provided by the SAO/NASA Astrophysics Data System}
}

@ARTICLE{2022AJ....164..249H,
       author = {{Han}, Jiwon Jesse and {Conroy}, Charlie and {Johnson}, Benjamin D. and {Speagle}, Joshua S. and {Bonaca}, Ana and {Chandra}, Vedant and {Naidu}, Rohan P. and {Ting}, Yuan-Sen and {Woody}, Turner and {Zaritsky}, Dennis},
        title = "{The Stellar Halo of the Galaxy is Tilted and Doubly Broken}",
      journal = {\aj},
     keywords = {Milky Way stellar halo, Milky Way dark matter halo, Galaxy dark matter halos, Milky Way Galaxy physics, 1060, 1049, 1880, 1056, Astrophysics - Astrophysics of Galaxies},
         year = 2022,
        month = dec,
       volume = {164},
       number = {6},
          eid = {249},
        pages = {249},
          doi = {10.3847/1538-3881/ac97e9},
archivePrefix = {arXiv},
       eprint = {2208.04327},
 primaryClass = {astro-ph.GA},
       adsurl = {https://ui.adsabs.harvard.edu/abs/2022AJ....164..249H},
      adsnote = {Provided by the SAO/NASA Astrophysics Data System}
}

@ARTICLE{2023MNRAS.526.1209L,
       author = {{Lane}, James M.~M. and {Bovy}, Jo and {Mackereth}, J. Ted},
        title = "{The stellar mass of the Gaia-Sausage/Enceladus accretion remnant}",
      journal = {\mnras},
     keywords = {Galaxy: halo, Galaxy: kinematics and dynamics, Galaxy: stellar content, Galaxy: structure, Astrophysics - Astrophysics of Galaxies},
         year = 2023,
        month = nov,
       volume = {526},
       number = {1},
        pages = {1209-1234},
          doi = {10.1093/mnras/stad2834},
archivePrefix = {arXiv},
       eprint = {2306.03084},
 primaryClass = {astro-ph.GA},
       adsurl = {https://ui.adsabs.harvard.edu/abs/2023MNRAS.526.1209L},
      adsnote = {Provided by the SAO/NASA Astrophysics Data System}
}

@ARTICLE{2005ApJ...635..931B,
       author = {{Bullock}, James S. and {Johnston}, Kathryn V.},
        title = "{Tracing Galaxy Formation with Stellar Halos. I. Methods}",
      journal = {\apj},
     keywords = {Cosmology: Dark Matter, Galaxies: Dwarf, Galaxies: Evolution, Galaxies: Formation, Galaxies: Halos, Galaxies: Kinematics and Dynamics, Galaxy: Evolution, Galaxy: Formation, Galaxy: Halo, Galaxy: Kinematics and Dynamics, Galaxies: Local Group, Astrophysics},
         year = 2005,
        month = dec,
       volume = {635},
       number = {2},
        pages = {931-949},
          doi = {10.1086/497422},
archivePrefix = {arXiv},
       eprint = {astro-ph/0506467},
 primaryClass = {astro-ph},
       adsurl = {https://ui.adsabs.harvard.edu/abs/2005ApJ...635..931B},
      adsnote = {Provided by the SAO/NASA Astrophysics Data System}
}

@ARTICLE{2024ApJ...961L..41J,
       author = {{Ji}, Alexander P. and {Curtis}, Sanjana and {Storm}, Nicholas and {Chandra}, Vedant and {Schlaufman}, Kevin C. and {Stassun}, Keivan G. and {Heger}, Alexander and {Pignatari}, Marco and {Price-Whelan}, Adrian M. and {Bergemann}, Maria and {Stringfellow}, Guy S. and {Fr{\"o}hlich}, Carla and {Reggiani}, Henrique and {Holmbeck}, Erika M. and {Tayar}, Jamie and {Shah}, Shivani P. and {Griffith}, Emily J. and {Laporte}, Chervin F.~P. and {Casey}, Andrew R. and {Hawkins}, Keith and {Horta}, Danny and {Cerny}, William and {Thibodeaux}, Pierre and {Usman}, Sam A. and {Amarante}, Jo{\~a}o A.~S. and {Beaton}, Rachael L. and {Cargile}, Phillip A. and {Chiappini}, Cristina and {Conroy}, Charlie and {Johnson}, Jennifer A. and {Kollmeier}, Juna A. and {Li}, Haining and {Loebman}, Sarah and {Meynet}, Georges and {Bizyaev}, Dmitry and {Brownstein}, Joel R. and {Gupta}, Pramod and {Morrison}, Sean and {Pan}, Kaike and {Ramirez}, Solange V. and {Rix}, Hans-Walter and {S{\'a}nchez-Gallego}, Jos{\'e}},
        title = "{Spectacular Nucleosynthesis from Early Massive Stars}",
      journal = {\apjl},
     keywords = {Core-collapse supernovae, Nucleosynthesis, Nuclear astrophysics, Population II stars, Population III stars, Galactic archaeology, Stellar abundances, Hypernovae, Chemically peculiar stars, 304, 1131, 1129, 1284, 1285, 2178, 1577, 775, 226, Astrophysics - Solar and Stellar Astrophysics, Astrophysics - Astrophysics of Galaxies, Astrophysics - High Energy Astrophysical Phenomena},
         year = 2024,
        month = feb,
       volume = {961},
       number = {2},
          eid = {L41},
        pages = {L41},
          doi = {10.3847/2041-8213/ad19c4},
archivePrefix = {arXiv},
       eprint = {2401.02484},
 primaryClass = {astro-ph.SR},
       adsurl = {https://ui.adsabs.harvard.edu/abs/2024ApJ...961L..41J},
      adsnote = {Provided by the SAO/NASA Astrophysics Data System}
}

@ARTICLE{1990ApJ...356..359H,
       author = {{Hernquist}, Lars},
        title = "{An Analytical Model for Spherical Galaxies and Bulges}",
      journal = {\apj},
     keywords = {Computational Astrophysics, Elliptical Galaxies, Galactic Bulge, Galactic Structure, Astronomical Models, Astronomical Photometry, Brightness Distribution, Distribution Functions, Astrophysics, GALAXIES: PHOTOMETRY, GALAXIES: STRUCTURE},
         year = 1990,
        month = jun,
       volume = {356},
        pages = {359},
          doi = {10.1086/168845},
       adsurl = {https://ui.adsabs.harvard.edu/abs/1990ApJ...356..359H},
      adsnote = {Provided by the SAO/NASA Astrophysics Data System}
}

@ARTICLE{2015ApJ...808..132H,
       author = {{Hayden}, Michael R. and {Bovy}, Jo and {Holtzman}, Jon A. and {Nidever}, David L. and {Bird}, Jonathan C. and {Weinberg}, David H. and {Andrews}, Brett H. and {Majewski}, Steven R. and {Allende Prieto}, Carlos and {Anders}, Friedrich and {Beers}, Timothy C. and {Bizyaev}, Dmitry and {Chiappini}, Cristina and {Cunha}, Katia and {Frinchaboy}, Peter and {Garc{\'\i}a-Her{\'n}andez}, D.~A. and {Garc{\'\i}a P{\'e}rez}, Ana E. and {Girardi}, L{\'e}o and {Harding}, Paul and {Hearty}, Fred R. and {Johnson}, Jennifer A. and {M{\'e}sz{\'a}ros}, Szabolcs and {Minchev}, Ivan and {O'Connell}, Robert and {Pan}, Kaike and {Robin}, Annie C. and {Schiavon}, Ricardo P. and {Schneider}, Donald P. and {Schultheis}, Mathias and {Shetrone}, Matthew and {Skrutskie}, Michael and {Steinmetz}, Matthias and {Smith}, Verne and {Wilson}, John C. and {Zamora}, Olga and {Zasowski}, Gail},
        title = "{Chemical Cartography with APOGEE: Metallicity Distribution Functions and the Chemical Structure of the Milky Way Disk}",
      journal = {\apj},
     keywords = {Galaxy: abundances, Galaxy: disk, Galaxy: evolution, Galaxy: stellar content, Galaxy: structure, Astrophysics - Astrophysics of Galaxies},
         year = 2015,
        month = aug,
       volume = {808},
       number = {2},
          eid = {132},
        pages = {132},
          doi = {10.1088/0004-637X/808/2/132},
archivePrefix = {arXiv},
       eprint = {1503.02110},
 primaryClass = {astro-ph.GA},
       adsurl = {https://ui.adsabs.harvard.edu/abs/2015ApJ...808..132H},
      adsnote = {Provided by the SAO/NASA Astrophysics Data System}
}

@ARTICLE{2005Natur.435..629S,
       author = {{Springel}, Volker and {White}, Simon D.~M. and {Jenkins}, Adrian and {Frenk}, Carlos S. and {Yoshida}, Naoki and {Gao}, Liang and {Navarro}, Julio and {Thacker}, Robert and {Croton}, Darren and {Helly}, John and {Peacock}, John A. and {Cole}, Shaun and {Thomas}, Peter and {Couchman}, Hugh and {Evrard}, August and {Colberg}, J{\"o}rg and {Pearce}, Frazer},
        title = "{Simulations of the formation, evolution and clustering of galaxies and quasars}",
      journal = {\nat},
     keywords = {Astrophysics},
         year = 2005,
        month = jun,
       volume = {435},
       number = {7042},
        pages = {629-636},
          doi = {10.1038/nature03597},
archivePrefix = {arXiv},
       eprint = {astro-ph/0504097},
 primaryClass = {astro-ph},
       adsurl = {https://ui.adsabs.harvard.edu/abs/2005Natur.435..629S},
      adsnote = {Provided by the SAO/NASA Astrophysics Data System}
}

@ARTICLE{2009MNRAS.399..497D,
       author = {{Dolag}, K. and {Borgani}, S. and {Murante}, G. and {Springel}, V.},
        title = "{Substructures in hydrodynamical cluster simulations}",
      journal = {\mnras},
     keywords = {hydrodynamics, methods: numerical, galaxies: clusters: general, galaxies: evolution, cosmology: theory, Astrophysics},
         year = 2009,
        month = oct,
       volume = {399},
       number = {2},
        pages = {497-514},
          doi = {10.1111/j.1365-2966.2009.15034.x},
archivePrefix = {arXiv},
       eprint = {0808.3401},
 primaryClass = {astro-ph},
       adsurl = {https://ui.adsabs.harvard.edu/abs/2009MNRAS.399..497D},
      adsnote = {Provided by the SAO/NASA Astrophysics Data System}
}

@ARTICLE{2013ApJ...771L..35V,
       author = {{van Dokkum}, Pieter G. and {Leja}, Joel and {Nelson}, Erica June and {Patel}, Shannon and {Skelton}, Rosalind E. and {Momcheva}, Ivelina and {Brammer}, Gabriel and {Whitaker}, Katherine E. and {Lundgren}, Britt and {Fumagalli}, Mattia and {Conroy}, Charlie and {F{\"o}rster Schreiber}, Natascha and {Franx}, Marijn and {Kriek}, Mariska and {Labb{\'e}}, Ivo and {Marchesini}, Danilo and {Rix}, Hans-Walter and {van der Wel}, Arjen and {Wuyts}, Stijn},
        title = "{The Assembly of Milky-Way-like Galaxies Since z \raisebox{-0.5ex}\textasciitilde 2.5}",
      journal = {\apjl},
     keywords = {cosmology: observations, galaxies: evolution, Galaxy: formation, Galaxy: structure, Astrophysics - Cosmology and Nongalactic Astrophysics},
         year = 2013,
        month = jul,
       volume = {771},
       number = {2},
          eid = {L35},
        pages = {L35},
          doi = {10.1088/2041-8205/771/2/L35},
archivePrefix = {arXiv},
       eprint = {1304.2391},
 primaryClass = {astro-ph.CO},
       adsurl = {https://ui.adsabs.harvard.edu/abs/2013ApJ...771L..35V},
      adsnote = {Provided by the SAO/NASA Astrophysics Data System}
}

@ARTICLE{2021MNRAS.503.5868R,
       author = {{Renaud}, Florent and {Agertz}, Oscar and {Andersson}, Eric P. and {Read}, Justin I. and {Ryde}, Nils and {Bensby}, Thomas and {Rey}, Martin P. and {Feuillet}, Diane K.},
        title = "{VINTERGATAN III: how to reset the metallicity of the Milky Way}",
      journal = {\mnras},
     keywords = {methods: numerical, Galaxy: abundances, Galaxy: formation, galaxies: interactions, Astrophysics - Astrophysics of Galaxies},
         year = 2021,
        month = jun,
       volume = {503},
       number = {4},
        pages = {5868-5876},
          doi = {10.1093/mnras/stab543},
archivePrefix = {arXiv},
       eprint = {2006.06012},
 primaryClass = {astro-ph.GA},
       adsurl = {https://ui.adsabs.harvard.edu/abs/2021MNRAS.503.5868R},
      adsnote = {Provided by the SAO/NASA Astrophysics Data System}
}

@ARTICLE{2021MNRAS.501.5176K,
       author = {{Khoperskov}, Sergey and {Haywood}, Misha and {Snaith}, Owain and {Di Matteo}, Paola and {Lehnert}, Matthew and {Vasiliev}, Evgenii and {Naroenkov}, Sergey and {Berczik}, Peter},
        title = "{Bimodality of [{\ensuremath{\alpha}} Fe]-[Fe/H] distributions is a natural outcome of dissipative collapse and disc growth in Milky Way-type galaxies}",
      journal = {\mnras},
     keywords = {Galaxy: abundances, Galaxy: disc, Galaxy: evolution, Galaxy: formation, galaxies: evolution, galaxies: formation, Astrophysics - Astrophysics of Galaxies},
         year = 2021,
        month = mar,
       volume = {501},
       number = {4},
        pages = {5176-5196},
          doi = {10.1093/mnras/staa3996},
archivePrefix = {arXiv},
       eprint = {2006.10195},
 primaryClass = {astro-ph.GA},
       adsurl = {https://ui.adsabs.harvard.edu/abs/2021MNRAS.501.5176K},
      adsnote = {Provided by the SAO/NASA Astrophysics Data System}
}

@ARTICLE{2017MNRAS.467..179G,
       author = {{Grand}, Robert J.~J. and {G{\'o}mez}, Facundo A. and {Marinacci}, Federico and {Pakmor}, R{\"u}diger and {Springel}, Volker and {Campbell}, David J.~R. and {Frenk}, Carlos S. and {Jenkins}, Adrian and {White}, Simon D.~M.},
        title = "{The Auriga Project: the properties and formation mechanisms of disc galaxies across cosmic time}",
      journal = {\mnras},
     keywords = {galaxies: evolution, galaxies: kinematics and dynamics, galaxies: spiral, galaxies: structure, Astrophysics - Astrophysics of Galaxies, Astrophysics - Cosmology and Nongalactic Astrophysics},
         year = 2017,
        month = may,
       volume = {467},
       number = {1},
        pages = {179-207},
          doi = {10.1093/mnras/stx071},
archivePrefix = {arXiv},
       eprint = {1610.01159},
 primaryClass = {astro-ph.GA},
       adsurl = {https://ui.adsabs.harvard.edu/abs/2017MNRAS.467..179G},
      adsnote = {Provided by the SAO/NASA Astrophysics Data System}
}

@ARTICLE{2019MNRAS.490.3234N,
       author = {{Nelson}, Dylan and {Pillepich}, Annalisa and {Springel}, Volker and {Pakmor}, R{\"u}diger and {Weinberger}, Rainer and {Genel}, Shy and {Torrey}, Paul and {Vogelsberger}, Mark and {Marinacci}, Federico and {Hernquist}, Lars},
        title = "{First results from the TNG50 simulation: galactic outflows driven by supernovae and black hole feedback}",
      journal = {\mnras},
     keywords = {galaxies: evolution, galaxies: formation, Astrophysics - Astrophysics of Galaxies, Astrophysics - Cosmology and Nongalactic Astrophysics, Astrophysics - High Energy Astrophysical Phenomena},
         year = 2019,
        month = dec,
       volume = {490},
       number = {3},
        pages = {3234-3261},
          doi = {10.1093/mnras/stz2306},
archivePrefix = {arXiv},
       eprint = {1902.05554},
 primaryClass = {astro-ph.GA},
       adsurl = {https://ui.adsabs.harvard.edu/abs/2019MNRAS.490.3234N},
      adsnote = {Provided by the SAO/NASA Astrophysics Data System}
}

@ARTICLE{2019MNRAS.490.3196P,
       author = {{Pillepich}, Annalisa and {Nelson}, Dylan and {Springel}, Volker and {Pakmor}, R{\"u}diger and {Torrey}, Paul and {Weinberger}, Rainer and {Vogelsberger}, Mark and {Marinacci}, Federico and {Genel}, Shy and {van der Wel}, Arjen and {Hernquist}, Lars},
        title = "{First results from the TNG50 simulation: the evolution of stellar and gaseous discs across cosmic time}",
      journal = {\mnras},
     keywords = {methods: numerical, galaxies: evolution, galaxies: formation, galaxies: kinematics and dynamics, galaxies: star formation, galaxies: structure, Astrophysics - Astrophysics of Galaxies, Astrophysics - Cosmology and Nongalactic Astrophysics},
         year = 2019,
        month = dec,
       volume = {490},
       number = {3},
        pages = {3196-3233},
          doi = {10.1093/mnras/stz2338},
archivePrefix = {arXiv},
       eprint = {1902.05553},
 primaryClass = {astro-ph.GA},
       adsurl = {https://ui.adsabs.harvard.edu/abs/2019MNRAS.490.3196P},
      adsnote = {Provided by the SAO/NASA Astrophysics Data System}
}

@ARTICLE{2024arXiv240417945P,
       author = {{Park}, Minjung and {Belli}, Sirio and {Conroy}, Charlie and {Johnson}, Benjamin D. and {Davies}, Rebecca L. and {Leja}, Joel and {Tacchella}, Sandro and {Mendel}, J. Trevor and {Benton}, Chlo{\"e} and {Bugiani}, Letizia and {Emami}, Razieh and {Khoram}, Amirhossein and {Li}, Yijia and {Maheson}, Gabriel and {Mathews}, Elijah P. and {Naidu}, Rohan P. and {Nelson}, Erica J. and {Terrazas}, Bryan A. and {Weinberger}, Rainer},
        title = "{Widespread rapid quenching at cosmic noon revealed by JWST deep spectroscopy}",
      journal = {arXiv e-prints},
     keywords = {Astrophysics - Astrophysics of Galaxies},
         year = 2024,
        month = apr,
          eid = {arXiv:2404.17945},
        pages = {arXiv:2404.17945},
          doi = {10.48550/arXiv.2404.17945},
archivePrefix = {arXiv},
       eprint = {2404.17945},
 primaryClass = {astro-ph.GA},
       adsurl = {https://ui.adsabs.harvard.edu/abs/2024arXiv240417945P},
      adsnote = {Provided by the SAO/NASA Astrophysics Data System}
}

@ARTICLE{2013ApJ...777...18M,
       author = {{Muzzin}, Adam and {Marchesini}, Danilo and {Stefanon}, Mauro and {Franx}, Marijn and {McCracken}, Henry J. and {Milvang-Jensen}, Bo and {Dunlop}, James S. and {Fynbo}, J.~P.~U. and {Brammer}, Gabriel and {Labb{\'e}}, Ivo and {van Dokkum}, Pieter G.},
        title = "{The Evolution of the Stellar Mass Functions of Star-forming and Quiescent Galaxies to z = 4 from the COSMOS/UltraVISTA Survey}",
      journal = {\apj},
     keywords = {galaxies: evolution, galaxies: fundamental parameters, galaxies: high-redshift, galaxies: luminosity function, mass function, Astrophysics - Cosmology and Nongalactic Astrophysics},
         year = 2013,
        month = nov,
       volume = {777},
       number = {1},
          eid = {18},
        pages = {18},
          doi = {10.1088/0004-637X/777/1/18},
archivePrefix = {arXiv},
       eprint = {1303.4409},
 primaryClass = {astro-ph.CO},
       adsurl = {https://ui.adsabs.harvard.edu/abs/2013ApJ...777...18M},
      adsnote = {Provided by the SAO/NASA Astrophysics Data System}
}

@ARTICLE{2024arXiv240511025S,
       author = {{Spitoni}, E. and {Matteucci}, F. and {Gratton}, R. and {Ratcliffe}, B. and {Minchev}, I. and {Cescutti}, G.},
        title = "{(Re)mind the gap: a hiatus in star formation history unveiled by APOGEE DR17}",
      journal = {arXiv e-prints},
     keywords = {Astrophysics - Astrophysics of Galaxies},
         year = 2024,
        month = may,
          eid = {arXiv:2405.11025},
        pages = {arXiv:2405.11025},
          doi = {10.48550/arXiv.2405.11025},
archivePrefix = {arXiv},
       eprint = {2405.11025},
 primaryClass = {astro-ph.GA},
       adsurl = {https://ui.adsabs.harvard.edu/abs/2024arXiv240511025S},
      adsnote = {Provided by the SAO/NASA Astrophysics Data System}
}

@ARTICLE{2024arXiv240518685M,
       author = {{Mi{\'c}i{\'c}}, Marko and {Irwin}, Jimmy A. and {Nair}, Preethi and {Wells}, Brenna N. and {Holmes}, Olivia J. and {Eames}, Jackson T.},
        title = "{Low-Mass Galaxy Interactions Trigger Black Hole Activity}",
      journal = {arXiv e-prints},
     keywords = {Astrophysics - Astrophysics of Galaxies, Astrophysics - Cosmology and Nongalactic Astrophysics},
         year = 2024,
        month = may,
          eid = {arXiv:2405.18685},
        pages = {arXiv:2405.18685},
archivePrefix = {arXiv},
       eprint = {2405.18685},
 primaryClass = {astro-ph.GA},
       adsurl = {https://ui.adsabs.harvard.edu/abs/2024arXiv240518685M},
      adsnote = {Provided by the SAO/NASA Astrophysics Data System}
}

@ARTICLE{2000A&A...358..671G,
       author = {{Gratton}, R.~G. and {Carretta}, E. and {Matteucci}, F. and {Sneden}, C.},
        title = "{Abundances of light elements in metal-poor stars. IV. [Fe/O] and [Fe/Mg] ratios and the history of star formation in the solar neighborhood}",
      journal = {\aap},
     keywords = {STARS: ABUNDANCES, NUCLEAR REACTIONS, NUCLEOSYNTHESIS, ABUNDANCES, GALAXY: EVOLUTION, Astrophysics},
         year = 2000,
        month = jun,
       volume = {358},
        pages = {671-681},
          doi = {10.48550/arXiv.astro-ph/0004157},
archivePrefix = {arXiv},
       eprint = {astro-ph/0004157},
 primaryClass = {astro-ph},
       adsurl = {https://ui.adsabs.harvard.edu/abs/2000A&A...358..671G},
      adsnote = {Provided by the SAO/NASA Astrophysics Data System}
}

@ARTICLE{1998A&A...338..161F,
       author = {{Fuhrmann}, Klaus},
        title = "{Nearby stars of the Galactic disk and halo}",
      journal = {\aap},
     keywords = {STARS: DISTANCES, STARS: FUNDAMENTAL PARAMETERS, STARS: LATE-TYPE, GALAXY: EVOLUTION},
         year = 1998,
        month = oct,
       volume = {338},
        pages = {161-183},
       adsurl = {https://ui.adsabs.harvard.edu/abs/1998A&A...338..161F},
      adsnote = {Provided by the SAO/NASA Astrophysics Data System}
}

@ARTICLE{2015A&A...578A..87S,
       author = {{Snaith}, O. and {Haywood}, M. and {Di Matteo}, P. and {Lehnert}, M.~D. and {Combes}, F. and {Katz}, D. and {G{\'o}mez}, A.},
        title = "{Reconstructing the star formation history of the Milky Way disc(s) from chemical abundances}",
      journal = {\aap},
     keywords = {Galaxy: disk, Galaxy: evolution, Galaxy: formation, Galaxy: structure, solar neighborhood, Astrophysics - Astrophysics of Galaxies},
         year = 2015,
        month = jun,
       volume = {578},
          eid = {A87},
        pages = {A87},
          doi = {10.1051/0004-6361/201424281},
archivePrefix = {arXiv},
       eprint = {1410.3829},
 primaryClass = {astro-ph.GA},
       adsurl = {https://ui.adsabs.harvard.edu/abs/2015A&A...578A..87S},
      adsnote = {Provided by the SAO/NASA Astrophysics Data System}
}

@ARTICLE{2020A&A...640A..81N,
       author = {{Nissen}, P.~E. and {Christensen-Dalsgaard}, J. and {Mosumgaard}, J.~R. and {Silva Aguirre}, V. and {Spitoni}, E. and {Verma}, K.},
        title = "{High-precision abundances of elements in solar-type stars. Evidence of two distinct sequences in abundance-age relations}",
      journal = {\aap},
     keywords = {stars: solar-type, stars: fundamental parameters, stars: abundances, Galaxy: disk, Galaxy: evolution, Astrophysics - Solar and Stellar Astrophysics, Astrophysics - Astrophysics of Galaxies},
         year = 2020,
        month = aug,
       volume = {640},
          eid = {A81},
        pages = {A81},
          doi = {10.1051/0004-6361/202038300},
archivePrefix = {arXiv},
       eprint = {2006.06013},
 primaryClass = {astro-ph.SR},
       adsurl = {https://ui.adsabs.harvard.edu/abs/2020A&A...640A..81N},
      adsnote = {Provided by the SAO/NASA Astrophysics Data System}
}


