@article{2021ApJ...923...92N,
	title        = {{Reconstructing the Last Major Merger of the Milky Way with the H3 Survey}},
	author       = {{Naidu}, Rohan P. and {Conroy}, Charlie and {Bonaca}, Ana and {Zaritsky}, Dennis and {Weinberger}, Rainer and {Ting}, Yuan-Sen and {Caldwell}, Nelson and {Tacchella}, Sandro and {Han}, Jiwon Jesse and {Speagle}, Joshua S. and {Cargile}, Phillip A.},
	year         = 2021,
	month        = dec,
	journal      = {\apj},
	volume       = 923,
	number       = 1,
	pages        = 92,
	doi          = {10.3847/1538-4357/ac2d2d},
	keywords     = {598, 699, 1880, 1060, 1049, 608, 1031, 594, 1052, 1056, 1053, 1054, Astrophysics - Astrophysics of Galaxies},
	eid          = 92,
	archiveprefix = {arXiv},
	eprint       = {2103.03251},
	primaryclass = {astro-ph.GA},
	adsurl       = {https://ui.adsabs.harvard.edu/abs/2021ApJ...923...92N},
	adsnote      = {Provided by the SAO/NASA Astrophysics Data System}
}
@article{1990ApJ...356..359H,
	title        = {{An Analytical Model for Spherical Galaxies and Bulges}},
	author       = {{Hernquist}, Lars},
	year         = 1990,
	month        = jun,
	journal      = {\apj},
	volume       = 356,
	pages        = 359,
	doi          = {10.1086/168845},
	keywords     = {Computational Astrophysics, Elliptical Galaxies, Galactic Bulge, Galactic Structure, Astronomical Models, Astronomical Photometry, Brightness Distribution, Distribution Functions, Astrophysics, GALAXIES: PHOTOMETRY, GALAXIES: STRUCTURE},
	adsurl       = {https://ui.adsabs.harvard.edu/abs/1990ApJ...356..359H},
	adsnote      = {Provided by the SAO/NASA Astrophysics Data System}
}
@article{1996ApJ...462..563N,
	title        = {{The Structure of Cold Dark Matter Halos}},
	author       = {{Navarro}, Julio F. and {Frenk}, Carlos S. and {White}, Simon D.~M.},
	year         = 1996,
	month        = may,
	journal      = {\apj},
	volume       = 462,
	pages        = 563,
	doi          = {10.1086/177173},
	keywords     = {COSMOLOGY: THEORY, COSMOLOGY: DARK MATTER, GALAXIES: HALOS, METHODS: NUMERICAL, Astrophysics},
	archiveprefix = {arXiv},
	eprint       = {astro-ph/9508025},
	primaryclass = {astro-ph},
	adsurl       = {https://ui.adsabs.harvard.edu/abs/1996ApJ...462..563N},
	adsnote      = {Provided by the SAO/NASA Astrophysics Data System}
}
@article{2023MNRAS.tmp.2070B,
	title        = {{Galactic coronae in Milky Way-like galaxies: the role of stellar feedback in gas accretion}},
	author       = {{Barbani}, Filippo and {Pascale}, Raffaele and {Marinacci}, Federico and {Sales}, Laura V. and {Vogelsberger}, Mark and {Torrey}, Paul and {Li}, Hui},
	year         = 2023,
	month        = jul,
	journal      = {\mnras},
	doi          = {10.1093/mnras/stad2152},
	keywords     = {methods: numerical, galaxies: evolution, galaxies: spiral, galaxies: star formation, galaxies: ISM, Astrophysics - Astrophysics of Galaxies},
	archiveprefix = {arXiv},
	eprint       = {2306.11791},
	primaryclass = {astro-ph.GA},
	adsurl       = {https://ui.adsabs.harvard.edu/abs/2023MNRAS.tmp.2070B},
	adsnote      = {Provided by the SAO/NASA Astrophysics Data System}
}
@article{2014AA...571A..16P,
	title        = {{Planck 2013 results. XVI. Cosmological parameters}},
	author       = {{Planck Collaboration} and {Ade}, P.~A.~R. and {Aghanim}, N. and {Armitage-Caplan}, C. and {Arnaud}, M. and {Ashdown}, M. and {Atrio-Barandela}, F. and {Aumont}, J. and {Baccigalupi}, C. and {Banday}, A.~J. and {Barreiro}, R.~B. and {Bartlett}, J.~G. and {Battaner}, E. and {Benabed}, K. and {Beno{\^\i}t}, A. and {Benoit-L{\'e}vy}, A. and {Bernard}, J. -P. and {Bersanelli}, M. and {Bielewicz}, P. and {Bobin}, J. and {Bock}, J.~J. and {Bonaldi}, A. and {Bond}, J.~R. and {Borrill}, J. and {Bouchet}, F.~R. and {Bridges}, M. and {Bucher}, M. and {Burigana}, C. and {Butler}, R.~C. and {Calabrese}, E. and {Cappellini}, B. and {Cardoso}, J. -F. and {Catalano}, A. and {Challinor}, A. and {Chamballu}, A. and {Chary}, R. -R. and {Chen}, X. and {Chiang}, H.~C. and {Chiang}, L. -Y. and {Christensen}, P.~R. and {Church}, S. and {Clements}, D.~L. and {Colombi}, S. and {Colombo}, L.~P.~L. and {Couchot}, F. and {Coulais}, A. and {Crill}, B.~P. and {Curto}, A. and {Cuttaia}, F. and {Danese}, L. and {Davies}, R.~D. and {Davis}, R.~J. and {de Bernardis}, P. and {de Rosa}, A. and {de Zotti}, G. and {Delabrouille}, J. and {Delouis}, J. -M. and {D{\'e}sert}, F. -X. and {Dickinson}, C. and {Diego}, J.~M. and {Dolag}, K. and {Dole}, H. and {Donzelli}, S. and {Dor{\'e}}, O. and {Douspis}, M. and {Dunkley}, J. and {Dupac}, X. and {Efstathiou}, G. and {Elsner}, F. and {En{\ss}lin}, T.~A. and {Eriksen}, H.~K. and {Finelli}, F. and {Forni}, O. and {Frailis}, M. and {Fraisse}, A.~A. and {Franceschi}, E. and {Gaier}, T.~C. and {Galeotta}, S. and {Galli}, S. and {Ganga}, K. and {Giard}, M. and {Giardino}, G. and {Giraud-H{\'e}raud}, Y. and {Gjerl{\o}w}, E. and {Gonz{\'a}lez-Nuevo}, J. and {G{\'o}rski}, K.~M. and {Gratton}, S. and {Gregorio}, A. and {Gruppuso}, A. and {Gudmundsson}, J.~E. and {Haissinski}, J. and {Hamann}, J. and {Hansen}, F.~K. and {Hanson}, D. and {Harrison}, D. and {Henrot-Versill{\'e}}, S. and {Hern{\'a}ndez-Monteagudo}, C. and {Herranz}, D. and {Hildebrandt}, S.~R. and {Hivon}, E. and {Hobson}, M. and {Holmes}, W.~A. and {Hornstrup}, A. and {Hou}, Z. and {Hovest}, W. and {Huffenberger}, K.~M. and {Jaffe}, A.~H. and {Jaffe}, T.~R. and {Jewell}, J. and {Jones}, W.~C. and {Juvela}, M. and {Keih{\"a}nen}, E. and {Keskitalo}, R. and {Kisner}, T.~S. and {Kneissl}, R. and {Knoche}, J. and {Knox}, L. and {Kunz}, M. and {Kurki-Suonio}, H. and {Lagache}, G. and {L{\"a}hteenm{\"a}ki}, A. and {Lamarre}, J. -M. and {Lasenby}, A. and {Lattanzi}, M. and {Laureijs}, R.~J. and {Lawrence}, C.~R. and {Leach}, S. and {Leahy}, J.~P. and {Leonardi}, R. and {Le{\'o}n-Tavares}, J. and {Lesgourgues}, J. and {Lewis}, A. and {Liguori}, M. and {Lilje}, P.~B. and {Linden-V{\o}rnle}, M. and {L{\'o}pez-Caniego}, M. and {Lubin}, P.~M. and {Mac{\'\i}as-P{\'e}rez}, J.~F. and {Maffei}, B. and {Maino}, D. and {Mandolesi}, N. and {Maris}, M. and {Marshall}, D.~J. and {Martin}, P.~G. and {Mart{\'\i}nez-Gonz{\'a}lez}, E. and {Masi}, S. and {Massardi}, M. and {Matarrese}, S. and {Matthai}, F. and {Mazzotta}, P. and {Meinhold}, P.~R. and {Melchiorri}, A. and {Melin}, J. -B. and {Mendes}, L. and {Menegoni}, E. and {Mennella}, A. and {Migliaccio}, M. and {Millea}, M. and {Mitra}, S. and {Miville-Desch{\^e}nes}, M. -A. and {Moneti}, A. and {Montier}, L. and {Morgante}, G. and {Mortlock}, D. and {Moss}, A. and {Munshi}, D. and {Murphy}, J.~A. and {Naselsky}, P. and {Nati}, F. and {Natoli}, P. and {Netterfield}, C.~B. and {N{\o}rgaard-Nielsen}, H.~U. and {Noviello}, F. and {Novikov}, D. and {Novikov}, I. and {O'Dwyer}, I.~J. and {Osborne}, S. and {Oxborrow}, C.~A. and {Paci}, F. and {Pagano}, L. and {Pajot}, F. and {Paladini}, R. and {Paoletti}, D. and {Partridge}, B. and {Pasian}, F. and {Patanchon}, G. and {Pearson}, D. and {Pearson}, T.~J. and {Peiris}, H.~V. and {Perdereau}, O. and {Perotto}, L. and {Perrotta}, F. and {Pettorino}, V. and {Piacentini}, F. and {Piat}, M. and {Pierpaoli}, E. and {Pietrobon}, D. and {Plaszczynski}, S. and {Platania}, P. and {Pointecouteau}, E. and {Polenta}, G. and {Ponthieu}, N. and {Popa}, L. and {Poutanen}, T. and {Pratt}, G.~W. and {Pr{\'e}zeau}, G. and {Prunet}, S. and {Puget}, J. -L. and {Rachen}, J.~P. and {Reach}, W.~T. and {Rebolo}, R. and {Reinecke}, M. and {Remazeilles}, M. and {Renault}, C. and {Ricciardi}, S. and {Riller}, T. and {Ristorcelli}, I. and {Rocha}, G. and {Rosset}, C. and {Roudier}, G. and {Rowan-Robinson}, M. and {Rubi{\~n}o-Mart{\'\i}n}, J.~A. and {Rusholme}, B. and {Sandri}, M. and {Santos}, D. and {Savelainen}, M. and {Savini}, G. and {Scott}, D. and {Seiffert}, M.~D. and {Shellard}, E.~P.~S. and {Spencer}, L.~D. and {Starck}, J. -L. and {Stolyarov}, V. and {Stompor}, R. and {Sudiwala}, R. and {Sunyaev}, R. and {Sureau}, F. and {Sutton}, D. and {Suur-Uski}, A. -S. and {Sygnet}, J. -F. and {Tauber}, J.~A. and {Tavagnacco}, D. and {Terenzi}, L. and {Toffolatti}, L. and {Tomasi}, M. and {Tristram}, M. and {Tucci}, M. and {Tuovinen}, J. and {T{\"u}rler}, M. and {Umana}, G. and {Valenziano}, L. and {Valiviita}, J. and {Van Tent}, B. and {Vielva}, P. and {Villa}, F. and {Vittorio}, N. and {Wade}, L.~A. and {Wandelt}, B.~D. and {Wehus}, I.~K. and {White}, M. and {White}, S.~D.~M. and {Wilkinson}, A. and {Yvon}, D. and {Zacchei}, A. and {Zonca}, A.},
	year         = 2014,
	month        = nov,
	journal      = {\aap},
	volume       = 571,
	pages        = {A16},
	doi          = {10.1051/0004-6361/201321591},
	keywords     = {cosmic background radiation, cosmological parameters, early Universe, inflation, primordial nucleosynthesis, Astrophysics - Cosmology and Nongalactic Astrophysics},
	eid          = {A16},
	archiveprefix = {arXiv},
	eprint       = {1303.5076},
	primaryclass = {astro-ph.CO},
	adsurl       = {https://ui.adsabs.harvard.edu/abs/2014A&A...571A..16P},
	adsnote      = {Provided by the SAO/NASA Astrophysics Data System}
}
@article{2013MNRAS.435.1426G,
	title        = {{Following the flow: tracer particles in astrophysical fluid simulations}},
	author       = {{Genel}, Shy and {Vogelsberger}, Mark and {Nelson}, Dylan and {Sijacki}, Debora and {Springel}, Volker and {Hernquist}, Lars},
	year         = 2013,
	month        = oct,
	journal      = {\mnras},
	volume       = 435,
	number       = 2,
	pages        = {1426--1442},
	doi          = {10.1093/mnras/stt1383},
	keywords     = {hydrodynamics, turbulence, methods: numerical, methods: statistical, galaxies: formation, cosmology: theory, Astrophysics - Instrumentation and Methods for Astrophysics, Astrophysics - Cosmology and Extragalactic Astrophysics, Physics - Fluid Dynamics},
	archiveprefix = {arXiv},
	eprint       = {1305.2195},
	primaryclass = {astro-ph.IM},
	adsurl       = {https://ui.adsabs.harvard.edu/abs/2013MNRAS.435.1426G},
	adsnote      = {Provided by the SAO/NASA Astrophysics Data System}
}
@article{2019ApJ...883..177N,
	title        = {{In the Galactic Disk, Stellar [Fe/H] and Age Predict Orbits and Precise [X/Fe]}},
	author       = {{Ness}, M.~K. and {Johnston}, K.~V. and {Blancato}, K. and {Rix}, H. -W. and {Beane}, A. and {Bird}, J.~C. and {Hawkins}, K.},
	year         = 2019,
	month        = oct,
	journal      = {\apj},
	volume       = 883,
	number       = 2,
	pages        = 177,
	doi          = {10.3847/1538-4357/ab3e3c},
	keywords     = {Milky Way disk, Milky Way evolution, Milky Way formation, Milky Way Galaxy, 1050, 1052, 1053, 1054, Astrophysics - Solar and Stellar Astrophysics, Astrophysics - Astrophysics of Galaxies},
	eid          = 177,
	archiveprefix = {arXiv},
	eprint       = {1907.10606},
	primaryclass = {astro-ph.SR},
	adsurl       = {https://ui.adsabs.harvard.edu/abs/2019ApJ...883..177N},
	adsnote      = {Provided by the SAO/NASA Astrophysics Data System}
}
@article{2016AJ....151..144G,
	title        = {{ASPCAP: The APOGEE Stellar Parameter and Chemical Abundances Pipeline}},
	author       = {{Garc{\'\i}a P{\'e}rez}, Ana E. and {Allende Prieto}, Carlos and {Holtzman}, Jon A. and {Shetrone}, Matthew and {M{\'e}sz{\'a}ros}, Szabolcs and {Bizyaev}, Dmitry and {Carrera}, Ricardo and {Cunha}, Katia and {Garc{\'\i}a-Hern{\'a}ndez}, D.~A. and {Johnson}, Jennifer A. and {Majewski}, Steven R. and {Nidever}, David L. and {Schiavon}, Ricardo P. and {Shane}, Neville and {Smith}, Verne V. and {Sobeck}, Jennifer and {Troup}, Nicholas and {Zamora}, Olga and {Weinberg}, David H. and {Bovy}, Jo and {Eisenstein}, Daniel J. and {Feuillet}, Diane and {Frinchaboy}, Peter M. and {Hayden}, Michael R. and {Hearty}, Fred R. and {Nguyen}, Duy C. and {O'Connell}, Robert W. and {Pinsonneault}, Marc H. and {Wilson}, John C. and {Zasowski}, Gail},
	year         = 2016,
	month        = jun,
	journal      = {\aj},
	volume       = 151,
	number       = 6,
	pages        = 144,
	doi          = {10.3847/0004-6256/151/6/144},
	keywords     = {Galaxy: center, Galaxy: structure, methods: data analysis, stars: abundances, stars: atmospheres, Astrophysics - Solar and Stellar Astrophysics},
	eid          = 144,
	archiveprefix = {arXiv},
	eprint       = {1510.07635},
	primaryclass = {astro-ph.SR},
	adsurl       = {https://ui.adsabs.harvard.edu/abs/2016AJ....151..144G},
	adsnote      = {Provided by the SAO/NASA Astrophysics Data System}
}
@article{2016AA...595A...1G,
	title        = {{The Gaia mission}},
	author       = {{Gaia Collaboration} and {Prusti}, T. and {de Bruijne}, J.~H.~J. and {Brown}, A.~G.~A. and {Vallenari}, A. and {Babusiaux}, C. and {Bailer-Jones}, C.~A.~L. and {Bastian}, U. and {Biermann}, M. and {Evans}, D.~W. and {Eyer}, L. and {Jansen}, F. and {Jordi}, C. and {Klioner}, S.~A. and {Lammers}, U. and {Lindegren}, L. and {Luri}, X. and {Mignard}, F. and {Milligan}, D.~J. and {Panem}, C. and {Poinsignon}, V. and {Pourbaix}, D. and {Randich}, S. and {Sarri}, G. and {Sartoretti}, P. and {Siddiqui}, H.~I. and {Soubiran}, C. and {Valette}, V. and {van Leeuwen}, F. and {Walton}, N.~A. and {Aerts}, C. and {Arenou}, F. and {Cropper}, M. and {Drimmel}, R. and {H{\o}g}, E. and {Katz}, D. and {Lattanzi}, M.~G. and {O'Mullane}, W. and {Grebel}, E.~K. and {Holland}, A.~D. and {Huc}, C. and {Passot}, X. and {Bramante}, L. and {Cacciari}, C. and {Casta{\~n}eda}, J. and {Chaoul}, L. and {Cheek}, N. and {De Angeli}, F. and {Fabricius}, C. and {Guerra}, R. and {Hern{\'a}ndez}, J. and {Jean-Antoine-Piccolo}, A. and {Masana}, E. and {Messineo}, R. and {Mowlavi}, N. and {Nienartowicz}, K. and {Ord{\'o}{\~n}ez-Blanco}, D. and {Panuzzo}, P. and {Portell}, J. and {Richards}, P.~J. and {Riello}, M. and {Seabroke}, G.~M. and {Tanga}, P. and {Th{\'e}venin}, F. and {Torra}, J. and {Els}, S.~G. and {Gracia-Abril}, G. and {Comoretto}, G. and {Garcia-Reinaldos}, M. and {Lock}, T. and {Mercier}, E. and {Altmann}, M. and {Andrae}, R. and {Astraatmadja}, T.~L. and {Bellas-Velidis}, I. and {Benson}, K. and {Berthier}, J. and {Blomme}, R. and {Busso}, G. and {Carry}, B. and {Cellino}, A. and {Clementini}, G. and {Cowell}, S. and {Creevey}, O. and {Cuypers}, J. and {Davidson}, M. and {De Ridder}, J. and {de Torres}, A. and {Delchambre}, L. and {Dell'Oro}, A. and {Ducourant}, C. and {Fr{\'e}mat}, Y. and {Garc{\'\i}a-Torres}, M. and {Gosset}, E. and {Halbwachs}, J. -L. and {Hambly}, N.~C. and {Harrison}, D.~L. and {Hauser}, M. and {Hestroffer}, D. and {Hodgkin}, S.~T. and {Huckle}, H.~E. and {Hutton}, A. and {Jasniewicz}, G. and {Jordan}, S. and {Kontizas}, M. and {Korn}, A.~J. and {Lanzafame}, A.~C. and {Manteiga}, M. and {Moitinho}, A. and {Muinonen}, K. and {Osinde}, J. and {Pancino}, E. and {Pauwels}, T. and {Petit}, J. -M. and {Recio-Blanco}, A. and {Robin}, A.~C. and {Sarro}, L.~M. and {Siopis}, C. and {Smith}, M. and {Smith}, K.~W. and {Sozzetti}, A. and {Thuillot}, W. and {van Reeven}, W. and {Viala}, Y. and {Abbas}, U. and {Abreu Aramburu}, A. and {Accart}, S. and {Aguado}, J.~J. and {Allan}, P.~M. and {Allasia}, W. and {Altavilla}, G. and {{\'A}lvarez}, M.~A. and {Alves}, J. and {Anderson}, R.~I. and {Andrei}, A.~H. and {Anglada Varela}, E. and {Antiche}, E. and {Antoja}, T. and {Ant{\'o}n}, S. and {Arcay}, B. and {Atzei}, A. and {Ayache}, L. and {Bach}, N. and {Baker}, S.~G. and {Balaguer-N{\'u}{\~n}ez}, L. and {Barache}, C. and {Barata}, C. and {Barbier}, A. and {Barblan}, F. and {Baroni}, M. and {Barrado y Navascu{\'e}s}, D. and {Barros}, M. and {Barstow}, M.~A. and {Becciani}, U. and {Bellazzini}, M. and {Bellei}, G. and {Bello Garc{\'\i}a}, A. and {Belokurov}, V. and {Bendjoya}, P. and {Berihuete}, A. and {Bianchi}, L. and {Bienaym{\'e}}, O. and {Billebaud}, F. and {Blagorodnova}, N. and {Blanco-Cuaresma}, S. and {Boch}, T. and {Bombrun}, A. and {Borrachero}, R. and {Bouquillon}, S. and {Bourda}, G. and {Bouy}, H. and {Bragaglia}, A. and {Breddels}, M.~A. and {Brouillet}, N. and {Br{\"u}semeister}, T. and {Bucciarelli}, B. and {Budnik}, F. and {Burgess}, P. and {Burgon}, R. and {Burlacu}, A. and {Busonero}, D. and {Buzzi}, R. and {Caffau}, E. and {Cambras}, J. and {Campbell}, H. and {Cancelliere}, R. and {Cantat-Gaudin}, T. and {Carlucci}, T. and {Carrasco}, J.~M. and {Castellani}, M. and {Charlot}, P. and {Charnas}, J. and {Charvet}, P. and {Chassat}, F. and {Chiavassa}, A. and {Clotet}, M. and {Cocozza}, G. and {Collins}, R.~S. and {Collins}, P. and {Costigan}, G. and {Crifo}, F. and {Cross}, N.~J.~G. and {Crosta}, M. and {Crowley}, C. and {Dafonte}, C. and {Damerdji}, Y. and {Dapergolas}, A. and {David}, P. and {David}, M. and {De Cat}, P. and {de Felice}, F. and {de Laverny}, P. and {De Luise}, F. and {De March}, R. and {de Martino}, D. and {de Souza}, R. and {Debosscher}, J. and {del Pozo}, E. and {Delbo}, M. and {Delgado}, A. and {Delgado}, H.~E. and {di Marco}, F. and {Di Matteo}, P. and {Diakite}, S. and {Distefano}, E. and {Dolding}, C. and {Dos Anjos}, S. and {Drazinos}, P. and {Dur{\'a}n}, J. and {Dzigan}, Y. and {Ecale}, E. and {Edvardsson}, B. and {Enke}, H. and {Erdmann}, M. and {Escolar}, D. and {Espina}, M. and {Evans}, N.~W. and {Eynard Bontemps}, G. and {Fabre}, C. and {Fabrizio}, M. and {Faigler}, S. and {Falc{\~a}o}, A.~J. and {Farr{\`a}s Casas}, M. and {Faye}, F. and {Federici}, L. and {Fedorets}, G. and {Fern{\'a}ndez-Hern{\'a}ndez}, J. and {Fernique}, P. and {Fienga}, A. and {Figueras}, F. and {Filippi}, F. and {Findeisen}, K. and {Fonti}, A. and {Fouesneau}, M. and {Fraile}, E. and {Fraser}, M. and {Fuchs}, J. and {Furnell}, R. and {Gai}, M. and {Galleti}, S. and {Galluccio}, L. and {Garabato}, D. and {Garc{\'\i}a-Sedano}, F. and {Gar{\'e}}, P. and {Garofalo}, A. and {Garralda}, N. and {Gavras}, P. and {Gerssen}, J. and {Geyer}, R. and {Gilmore}, G. and {Girona}, S. and {Giuffrida}, G. and {Gomes}, M. and {Gonz{\'a}lez-Marcos}, A. and {Gonz{\'a}lez-N{\'u}{\~n}ez}, J. and {Gonz{\'a}lez-Vidal}, J.~J. and {Granvik}, M. and {Guerrier}, A. and {Guillout}, P. and {Guiraud}, J. and {G{\'u}rpide}, A. and {Guti{\'e}rrez-S{\'a}nchez}, R. and {Guy}, L.~P. and {Haigron}, R. and {Hatzidimitriou}, D. and {Haywood}, M. and {Heiter}, U. and {Helmi}, A. and {Hobbs}, D. and {Hofmann}, W. and {Holl}, B. and {Holland}, G. and {Hunt}, J.~A.~S. and {Hypki}, A. and {Icardi}, V. and {Irwin}, M. and {Jevardat de Fombelle}, G. and {Jofr{\'e}}, P. and {Jonker}, P.~G. and {Jorissen}, A. and {Julbe}, F. and {Karampelas}, A. and {Kochoska}, A. and {Kohley}, R. and {Kolenberg}, K. and {Kontizas}, E. and {Koposov}, S.~E. and {Kordopatis}, G. and {Koubsky}, P. and {Kowalczyk}, A. and {Krone-Martins}, A. and {Kudryashova}, M. and {Kull}, I. and {Bachchan}, R.~K. and {Lacoste-Seris}, F. and {Lanza}, A.~F. and {Lavigne}, J. -B. and {Le Poncin-Lafitte}, C. and {Lebreton}, Y. and {Lebzelter}, T. and {Leccia}, S. and {Leclerc}, N. and {Lecoeur-Taibi}, I. and {Lemaitre}, V. and {Lenhardt}, H. and {Leroux}, F. and {Liao}, S. and {Licata}, E. and {Lindstr{\o}m}, H.~E.~P. and {Lister}, T.~A. and {Livanou}, E. and {Lobel}, A. and {L{\"o}ffler}, W. and {L{\'o}pez}, M. and {Lopez-Lozano}, A. and {Lorenz}, D. and {Loureiro}, T. and {MacDonald}, I. and {Magalh{\~a}es Fernandes}, T. and {Managau}, S. and {Mann}, R.~G. and {Mantelet}, G. and {Marchal}, O. and {Marchant}, J.~M. and {Marconi}, M. and {Marie}, J. and {Marinoni}, S. and {Marrese}, P.~M. and {Marschalk{\'o}}, G. and {Marshall}, D.~J. and {Mart{\'\i}n-Fleitas}, J.~M. and {Martino}, M. and {Mary}, N. and {Matijevi{\v{c}}}, G. and {Mazeh}, T. and {McMillan}, P.~J. and {Messina}, S. and {Mestre}, A. and {Michalik}, D. and {Millar}, N.~R. and {Miranda}, B.~M.~H. and {Molina}, D. and {Molinaro}, R. and {Molinaro}, M. and {Moln{\'a}r}, L. and {Moniez}, M. and {Montegriffo}, P. and {Monteiro}, D. and {Mor}, R. and {Mora}, A. and {Morbidelli}, R. and {Morel}, T. and {Morgenthaler}, S. and {Morley}, T. and {Morris}, D. and {Mulone}, A.~F. and {Muraveva}, T. and {Musella}, I. and {Narbonne}, J. and {Nelemans}, G. and {Nicastro}, L. and {Noval}, L. and {Ord{\'e}novic}, C. and {Ordieres-Mer{\'e}}, J. and {Osborne}, P. and {Pagani}, C. and {Pagano}, I. and {Pailler}, F. and {Palacin}, H. and {Palaversa}, L. and {Parsons}, P. and {Paulsen}, T. and {Pecoraro}, M. and {Pedrosa}, R. and {Pentik{\"a}inen}, H. and {Pereira}, J. and {Pichon}, B. and {Piersimoni}, A.~M. and {Pineau}, F. -X. and {Plachy}, E. and {Plum}, G. and {Poujoulet}, E. and {Pr{\v{s}}a}, A. and {Pulone}, L. and {Ragaini}, S. and {Rago}, S. and {Rambaux}, N. and {Ramos-Lerate}, M. and {Ranalli}, P. and {Rauw}, G. and {Read}, A. and {Regibo}, S. and {Renk}, F. and {Reyl{\'e}}, C. and {Ribeiro}, R.~A. and {Rimoldini}, L. and {Ripepi}, V. and {Riva}, A. and {Rixon}, G. and {Roelens}, M. and {Romero-G{\'o}mez}, M. and {Rowell}, N. and {Royer}, F. and {Rudolph}, A. and {Ruiz-Dern}, L. and {Sadowski}, G. and {Sagrist{\`a} Sell{\'e}s}, T. and {Sahlmann}, J. and {Salgado}, J. and {Salguero}, E. and {Sarasso}, M. and {Savietto}, H. and {Schnorhk}, A. and {Schultheis}, M. and {Sciacca}, E. and {Segol}, M. and {Segovia}, J.~C. and {Segransan}, D. and {Serpell}, E. and {Shih}, I. -C. and {Smareglia}, R. and {Smart}, R.~L. and {Smith}, C. and {Solano}, E. and {Solitro}, F. and {Sordo}, R. and {Soria Nieto}, S. and {Souchay}, J. and {Spagna}, A. and {Spoto}, F. and {Stampa}, U. and {Steele}, I.~A. and {Steidelm{\"u}ller}, H. and {Stephenson}, C.~A. and {Stoev}, H. and {Suess}, F.~F. and {S{\"u}veges}, M. and {Surdej}, J. and {Szabados}, L. and {Szegedi-Elek}, E. and {Tapiador}, D. and {Taris}, F. and {Tauran}, G. and {Taylor}, M.~B. and {Teixeira}, R. and {Terrett}, D. and {Tingley}, B. and {Trager}, S.~C. and {Turon}, C. and {Ulla}, A. and {Utrilla}, E. and {Valentini}, G. and {van Elteren}, A. and {Van Hemelryck}, E. and {van Leeuwen}, M. and {Varadi}, M. and {Vecchiato}, A. and {Veljanoski}, J. and {Via}, T. and {Vicente}, D. and {Vogt}, S. and {Voss}, H. and {Votruba}, V. and {Voutsinas}, S. and {Walmsley}, G. and {Weiler}, M. and {Weingrill}, K. and {Werner}, D. and {Wevers}, T. and {Whitehead}, G. and {Wyrzykowski}, {\L}. and {Yoldas}, A. and {{\v{Z}}erjal}, M. and {Zucker}, S. and {Zurbach}, C. and {Zwitter}, T. and {Alecu}, A. and {Allen}, M. and {Allende Prieto}, C. and {Amorim}, A. and {Anglada-Escud{\'e}}, G. and {Arsenijevic}, V. and {Azaz}, S. and {Balm}, P. and {Beck}, M. and {Bernstein}, H. -H. and {Bigot}, L. and {Bijaoui}, A. and {Blasco}, C. and {Bonfigli}, M. and {Bono}, G. and {Boudreault}, S. and {Bressan}, A. and {Brown}, S. and {Brunet}, P. -M. and {Bunclark}, P. and {Buonanno}, R. and {Butkevich}, A.~G. and {Carret}, C. and {Carrion}, C. and {Chemin}, L. and {Ch{\'e}reau}, F. and {Corcione}, L. and {Darmigny}, E. and {de Boer}, K.~S. and {de Teodoro}, P. and {de Zeeuw}, P.~T. and {Delle Luche}, C. and {Domingues}, C.~D. and {Dubath}, P. and {Fodor}, F. and {Fr{\'e}zouls}, B. and {Fries}, A. and {Fustes}, D. and {Fyfe}, D. and {Gallardo}, E. and {Gallegos}, J. and {Gardiol}, D. and {Gebran}, M. and {Gomboc}, A. and {G{\'o}mez}, A. and {Grux}, E. and {Gueguen}, A. and {Heyrovsky}, A. and {Hoar}, J. and {Iannicola}, G. and {Isasi Parache}, Y. and {Janotto}, A. -M. and {Joliet}, E. and {Jonckheere}, A. and {Keil}, R. and {Kim}, D. -W. and {Klagyivik}, P. and {Klar}, J. and {Knude}, J. and {Kochukhov}, O. and {Kolka}, I. and {Kos}, J. and {Kutka}, A. and {Lainey}, V. and {LeBouquin}, D. and {Liu}, C. and {Loreggia}, D. and {Makarov}, V.~V. and {Marseille}, M.~G. and {Martayan}, C. and {Martinez-Rubi}, O. and {Massart}, B. and {Meynadier}, F. and {Mignot}, S. and {Munari}, U. and {Nguyen}, A. -T. and {Nordlander}, T. and {Ocvirk}, P. and {O'Flaherty}, K.~S. and {Olias Sanz}, A. and {Ortiz}, P. and {Osorio}, J. and {Oszkiewicz}, D. and {Ouzounis}, A. and {Palmer}, M. and {Park}, P. and {Pasquato}, E. and {Peltzer}, C. and {Peralta}, J. and {P{\'e}turaud}, F. and {Pieniluoma}, T. and {Pigozzi}, E. and {Poels}, J. and {Prat}, G. and {Prod'homme}, T. and {Raison}, F. and {Rebordao}, J.~M. and {Risquez}, D. and {Rocca-Volmerange}, B. and {Rosen}, S. and {Ruiz-Fuertes}, M.~I. and {Russo}, F. and {Sembay}, S. and {Serraller Vizcaino}, I. and {Short}, A. and {Siebert}, A. and {Silva}, H. and {Sinachopoulos}, D. and {Slezak}, E. and {Soffel}, M. and {Sosnowska}, D. and {Strai{\v{z}}ys}, V. and {ter Linden}, M. and {Terrell}, D. and {Theil}, S. and {Tiede}, C. and {Troisi}, L. and {Tsalmantza}, P. and {Tur}, D. and {Vaccari}, M. and {Vachier}, F. and {Valles}, P. and {Van Hamme}, W. and {Veltz}, L. and {Virtanen}, J. and {Wallut}, J. -M. and {Wichmann}, R. and {Wilkinson}, M.~I. and {Ziaeepour}, H. and {Zschocke}, S.},
	year         = 2016,
	month        = nov,
	journal      = {\aap},
	volume       = 595,
	pages        = {A1},
	doi          = {10.1051/0004-6361/201629272},
	keywords     = {space vehicles: instruments, Galaxy: structure, astrometry, parallaxes, proper motions, telescopes, Astrophysics - Instrumentation and Methods for Astrophysics},
	eid          = {A1},
	archiveprefix = {arXiv},
	eprint       = {1609.04153},
	primaryclass = {astro-ph.IM},
	adsurl       = {https://ui.adsabs.harvard.edu/abs/2016A&A...595A...1G},
	adsnote      = {Provided by the SAO/NASA Astrophysics Data System}
}
@article{2021AA...649A...1G,
	title        = {{Gaia Early Data Release 3. Summary of the contents and survey properties}},
	author       = {{Gaia Collaboration} and {Brown}, A.~G.~A. and {Vallenari}, A. and {Prusti}, T. and {de Bruijne}, J.~H.~J. and {Babusiaux}, C. and {Biermann}, M. and {Creevey}, O.~L. and {Evans}, D.~W. and {Eyer}, L. and {Hutton}, A. and {Jansen}, F. and {Jordi}, C. and {Klioner}, S.~A. and {Lammers}, U. and {Lindegren}, L. and {Luri}, X. and {Mignard}, F. and {Panem}, C. and {Pourbaix}, D. and {Randich}, S. and {Sartoretti}, P. and {Soubiran}, C. and {Walton}, N.~A. and {Arenou}, F. and {Bailer-Jones}, C.~A.~L. and {Bastian}, U. and {Cropper}, M. and {Drimmel}, R. and {Katz}, D. and {Lattanzi}, M.~G. and {van Leeuwen}, F. and {Bakker}, J. and {Cacciari}, C. and {Casta{\~n}eda}, J. and {De Angeli}, F. and {Ducourant}, C. and {Fabricius}, C. and {Fouesneau}, M. and {Fr{\'e}mat}, Y. and {Guerra}, R. and {Guerrier}, A. and {Guiraud}, J. and {Jean-Antoine Piccolo}, A. and {Masana}, E. and {Messineo}, R. and {Mowlavi}, N. and {Nicolas}, C. and {Nienartowicz}, K. and {Pailler}, F. and {Panuzzo}, P. and {Riclet}, F. and {Roux}, W. and {Seabroke}, G.~M. and {Sordo}, R. and {Tanga}, P. and {Th{\'e}venin}, F. and {Gracia-Abril}, G. and {Portell}, J. and {Teyssier}, D. and {Altmann}, M. and {Andrae}, R. and {Bellas-Velidis}, I. and {Benson}, K. and {Berthier}, J. and {Blomme}, R. and {Brugaletta}, E. and {Burgess}, P.~W. and {Busso}, G. and {Carry}, B. and {Cellino}, A. and {Cheek}, N. and {Clementini}, G. and {Damerdji}, Y. and {Davidson}, M. and {Delchambre}, L. and {Dell'Oro}, A. and {Fern{\'a}ndez-Hern{\'a}ndez}, J. and {Galluccio}, L. and {Garc{\'\i}a-Lario}, P. and {Garcia-Reinaldos}, M. and {Gonz{\'a}lez-N{\'u}{\~n}ez}, J. and {Gosset}, E. and {Haigron}, R. and {Halbwachs}, J. -L. and {Hambly}, N.~C. and {Harrison}, D.~L. and {Hatzidimitriou}, D. and {Heiter}, U. and {Hern{\'a}ndez}, J. and {Hestroffer}, D. and {Hodgkin}, S.~T. and {Holl}, B. and {Jan{\ss}en}, K. and {Jevardat de Fombelle}, G. and {Jordan}, S. and {Krone-Martins}, A. and {Lanzafame}, A.~C. and {L{\"o}ffler}, W. and {Lorca}, A. and {Manteiga}, M. and {Marchal}, O. and {Marrese}, P.~M. and {Moitinho}, A. and {Mora}, A. and {Muinonen}, K. and {Osborne}, P. and {Pancino}, E. and {Pauwels}, T. and {Petit}, J. -M. and {Recio-Blanco}, A. and {Richards}, P.~J. and {Riello}, M. and {Rimoldini}, L. and {Robin}, A.~C. and {Roegiers}, T. and {Rybizki}, J. and {Sarro}, L.~M. and {Siopis}, C. and {Smith}, M. and {Sozzetti}, A. and {Ulla}, A. and {Utrilla}, E. and {van Leeuwen}, M. and {van Reeven}, W. and {Abbas}, U. and {Abreu Aramburu}, A. and {Accart}, S. and {Aerts}, C. and {Aguado}, J.~J. and {Ajaj}, M. and {Altavilla}, G. and {{\'A}lvarez}, M.~A. and {{\'A}lvarez Cid-Fuentes}, J. and {Alves}, J. and {Anderson}, R.~I. and {Anglada Varela}, E. and {Antoja}, T. and {Audard}, M. and {Baines}, D. and {Baker}, S.~G. and {Balaguer-N{\'u}{\~n}ez}, L. and {Balbinot}, E. and {Balog}, Z. and {Barache}, C. and {Barbato}, D. and {Barros}, M. and {Barstow}, M.~A. and {Bartolom{\'e}}, S. and {Bassilana}, J. -L. and {Bauchet}, N. and {Baudesson-Stella}, A. and {Becciani}, U. and {Bellazzini}, M. and {Bernet}, M. and {Bertone}, S. and {Bianchi}, L. and {Blanco-Cuaresma}, S. and {Boch}, T. and {Bombrun}, A. and {Bossini}, D. and {Bouquillon}, S. and {Bragaglia}, A. and {Bramante}, L. and {Breedt}, E. and {Bressan}, A. and {Brouillet}, N. and {Bucciarelli}, B. and {Burlacu}, A. and {Busonero}, D. and {Butkevich}, A.~G. and {Buzzi}, R. and {Caffau}, E. and {Cancelliere}, R. and {C{\'a}novas}, H. and {Cantat-Gaudin}, T. and {Carballo}, R. and {Carlucci}, T. and {Carnerero}, M.~I. and {Carrasco}, J.~M. and {Casamiquela}, L. and {Castellani}, M. and {Castro-Ginard}, A. and {Castro Sampol}, P. and {Chaoul}, L. and {Charlot}, P. and {Chemin}, L. and {Chiavassa}, A. and {Cioni}, M. -R.~L. and {Comoretto}, G. and {Cooper}, W.~J. and {Cornez}, T. and {Cowell}, S. and {Crifo}, F. and {Crosta}, M. and {Crowley}, C. and {Dafonte}, C. and {Dapergolas}, A. and {David}, M. and {David}, P. and {de Laverny}, P. and {De Luise}, F. and {De March}, R. and {De Ridder}, J. and {de Souza}, R. and {de Teodoro}, P. and {de Torres}, A. and {del Peloso}, E.~F. and {del Pozo}, E. and {Delbo}, M. and {Delgado}, A. and {Delgado}, H.~E. and {Delisle}, J. -B. and {Di Matteo}, P. and {Diakite}, S. and {Diener}, C. and {Distefano}, E. and {Dolding}, C. and {Eappachen}, D. and {Edvardsson}, B. and {Enke}, H. and {Esquej}, P. and {Fabre}, C. and {Fabrizio}, M. and {Faigler}, S. and {Fedorets}, G. and {Fernique}, P. and {Fienga}, A. and {Figueras}, F. and {Fouron}, C. and {Fragkoudi}, F. and {Fraile}, E. and {Franke}, F. and {Gai}, M. and {Garabato}, D. and {Garcia-Gutierrez}, A. and {Garc{\'\i}a-Torres}, M. and {Garofalo}, A. and {Gavras}, P. and {Gerlach}, E. and {Geyer}, R. and {Giacobbe}, P. and {Gilmore}, G. and {Girona}, S. and {Giuffrida}, G. and {Gomel}, R. and {Gomez}, A. and {Gonzalez-Santamaria}, I. and {Gonz{\'a}lez-Vidal}, J.~J. and {Granvik}, M. and {Guti{\'e}rrez-S{\'a}nchez}, R. and {Guy}, L.~P. and {Hauser}, M. and {Haywood}, M. and {Helmi}, A. and {Hidalgo}, S.~L. and {Hilger}, T. and {H{\l}adczuk}, N. and {Hobbs}, D. and {Holland}, G. and {Huckle}, H.~E. and {Jasniewicz}, G. and {Jonker}, P.~G. and {Juaristi Campillo}, J. and {Julbe}, F. and {Karbevska}, L. and {Kervella}, P. and {Khanna}, S. and {Kochoska}, A. and {Kontizas}, M. and {Kordopatis}, G. and {Korn}, A.~J. and {Kostrzewa-Rutkowska}, Z. and {Kruszy{\'n}ska}, K. and {Lambert}, S. and {Lanza}, A.~F. and {Lasne}, Y. and {Le Campion}, J. -F. and {Le Fustec}, Y. and {Lebreton}, Y. and {Lebzelter}, T. and {Leccia}, S. and {Leclerc}, N. and {Lecoeur-Taibi}, I. and {Liao}, S. and {Licata}, E. and {Lindstr{\o}m}, E.~P. and {Lister}, T.~A. and {Livanou}, E. and {Lobel}, A. and {Madrero Pardo}, P. and {Managau}, S. and {Mann}, R.~G. and {Marchant}, J.~M. and {Marconi}, M. and {Marcos Santos}, M.~M.~S. and {Marinoni}, S. and {Marocco}, F. and {Marshall}, D.~J. and {Martin Polo}, L. and {Mart{\'\i}n-Fleitas}, J.~M. and {Masip}, A. and {Massari}, D. and {Mastrobuono-Battisti}, A. and {Mazeh}, T. and {McMillan}, P.~J. and {Messina}, S. and {Michalik}, D. and {Millar}, N.~R. and {Mints}, A. and {Molina}, D. and {Molinaro}, R. and {Moln{\'a}r}, L. and {Montegriffo}, P. and {Mor}, R. and {Morbidelli}, R. and {Morel}, T. and {Morris}, D. and {Mulone}, A.~F. and {Munoz}, D. and {Muraveva}, T. and {Murphy}, C.~P. and {Musella}, I. and {Noval}, L. and {Ord{\'e}novic}, C. and {Orr{\`u}}, G. and {Osinde}, J. and {Pagani}, C. and {Pagano}, I. and {Palaversa}, L. and {Palicio}, P.~A. and {Panahi}, A. and {Pawlak}, M. and {Pe{\~n}alosa Esteller}, X. and {Penttil{\"a}}, A. and {Piersimoni}, A.~M. and {Pineau}, F. -X. and {Plachy}, E. and {Plum}, G. and {Poggio}, E. and {Poretti}, E. and {Poujoulet}, E. and {Pr{\v{s}}a}, A. and {Pulone}, L. and {Racero}, E. and {Ragaini}, S. and {Rainer}, M. and {Raiteri}, C.~M. and {Rambaux}, N. and {Ramos}, P. and {Ramos-Lerate}, M. and {Re Fiorentin}, P. and {Regibo}, S. and {Reyl{\'e}}, C. and {Ripepi}, V. and {Riva}, A. and {Rixon}, G. and {Robichon}, N. and {Robin}, C. and {Roelens}, M. and {Rohrbasser}, L. and {Romero-G{\'o}mez}, M. and {Rowell}, N. and {Royer}, F. and {Rybicki}, K.~A. and {Sadowski}, G. and {Sagrist{\`a} Sell{\'e}s}, A. and {Sahlmann}, J. and {Salgado}, J. and {Salguero}, E. and {Samaras}, N. and {Sanchez Gimenez}, V. and {Sanna}, N. and {Santove{\~n}a}, R. and {Sarasso}, M. and {Schultheis}, M. and {Sciacca}, E. and {Segol}, M. and {Segovia}, J.~C. and {S{\'e}gransan}, D. and {Semeux}, D. and {Shahaf}, S. and {Siddiqui}, H.~I. and {Siebert}, A. and {Siltala}, L. and {Slezak}, E. and {Smart}, R.~L. and {Solano}, E. and {Solitro}, F. and {Souami}, D. and {Souchay}, J. and {Spagna}, A. and {Spoto}, F. and {Steele}, I.~A. and {Steidelm{\"u}ller}, H. and {Stephenson}, C.~A. and {S{\"u}veges}, M. and {Szabados}, L. and {Szegedi-Elek}, E. and {Taris}, F. and {Tauran}, G. and {Taylor}, M.~B. and {Teixeira}, R. and {Thuillot}, W. and {Tonello}, N. and {Torra}, F. and {Torra}, J. and {Turon}, C. and {Unger}, N. and {Vaillant}, M. and {van Dillen}, E. and {Vanel}, O. and {Vecchiato}, A. and {Viala}, Y. and {Vicente}, D. and {Voutsinas}, S. and {Weiler}, M. and {Wevers}, T. and {Wyrzykowski}, {\L}. and {Yoldas}, A. and {Yvard}, P. and {Zhao}, H. and {Zorec}, J. and {Zucker}, S. and {Zurbach}, C. and {Zwitter}, T.},
	year         = 2021,
	month        = may,
	journal      = {\aap},
	volume       = 649,
	pages        = {A1},
	doi          = {10.1051/0004-6361/202039657},
	keywords     = {catalogs, astrometry, parallaxes, proper motions, techniques: photometric, techniques: radial velocities, Astrophysics - Astrophysics of Galaxies},
	eid          = {A1},
	archiveprefix = {arXiv},
	eprint       = {2012.01533},
	primaryclass = {astro-ph.GA},
	adsurl       = {https://ui.adsabs.harvard.edu/abs/2021A&A...649A...1G},
	adsnote      = {Provided by the SAO/NASA Astrophysics Data System}
}
@article{2021AA...653A.160S,
	title        = {{Gaia Early Data Release 3. Updated radial velocities from Gaia DR2}},
	author       = {{Seabroke}, G.~M. and {Fabricius}, C. and {Teyssier}, D. and {Sartoretti}, P. and {Katz}, D. and {Cropper}, M. and {Antoja}, T. and {Benson}, K. and {Smith}, M. and {Dolding}, C. and {Gosset}, E. and {Panuzzo}, P. and {Th{\'e}venin}, F. and {Allende Prieto}, C. and {Blomme}, R. and {Guerrier}, A. and {Huckle}, H. and {Jean-Antoine}, A. and {Haigron}, R. and {Marchal}, O. and {Baker}, S. and {Damerdji}, Y. and {David}, M. and {Fr{\'e}mat}, Y. and {Jan{\ss}en}, K. and {Jasniewicz}, G. and {Lobel}, A. and {Samaras}, N. and {Plum}, G. and {Soubiran}, C. and {Vanel}, O. and {Zwitter}, T. and {Ajaj}, M. and {Caffau}, E. and {Chemin}, L. and {Royer}, F. and {Brouillet}, N. and {Crifo}, F. and {Guy}, L.~P. and {Hambly}, N.~C. and {Leclerc}, N. and {Mastrobuono-Battisti}, A. and {Viala}, Y.},
	year         = 2021,
	month        = sep,
	journal      = {\aap},
	volume       = 653,
	pages        = {A160},
	doi          = {10.1051/0004-6361/202141008},
	keywords     = {space vehicles: instruments, instrumentation: spectrographs, techniques: radial velocities, techniques: spectroscopic, Astrophysics - Astrophysics of Galaxies, Astrophysics - Instrumentation and Methods for Astrophysics, Astrophysics - Solar and Stellar Astrophysics},
	eid          = {A160},
	archiveprefix = {arXiv},
	eprint       = {2108.02796},
	primaryclass = {astro-ph.GA},
	adsurl       = {https://ui.adsabs.harvard.edu/abs/2021A&A...653A.160S},
	adsnote      = {Provided by the SAO/NASA Astrophysics Data System}
}
@article{2021AA...649A...2L,
	title        = {{Gaia Early Data Release 3. The astrometric solution}},
	author       = {{Lindegren}, L. and {Klioner}, S.~A. and {Hern{\'a}ndez}, J. and {Bombrun}, A. and {Ramos-Lerate}, M. and {Steidelm{\"u}ller}, H. and {Bastian}, U. and {Biermann}, M. and {de Torres}, A. and {Gerlach}, E. and {Geyer}, R. and {Hilger}, T. and {Hobbs}, D. and {Lammers}, U. and {McMillan}, P.~J. and {Stephenson}, C.~A. and {Casta{\~n}eda}, J. and {Davidson}, M. and {Fabricius}, C. and {Gracia-Abril}, G. and {Portell}, J. and {Rowell}, N. and {Teyssier}, D. and {Torra}, F. and {Bartolom{\'e}}, S. and {Clotet}, M. and {Garralda}, N. and {Gonz{\'a}lez-Vidal}, J.~J. and {Torra}, J. and {Abbas}, U. and {Altmann}, M. and {Anglada Varela}, E. and {Balaguer-N{\'u}{\~n}ez}, L. and {Balog}, Z. and {Barache}, C. and {Becciani}, U. and {Bernet}, M. and {Bertone}, S. and {Bianchi}, L. and {Bouquillon}, S. and {Brown}, A.~G.~A. and {Bucciarelli}, B. and {Busonero}, D. and {Butkevich}, A.~G. and {Buzzi}, R. and {Cancelliere}, R. and {Carlucci}, T. and {Charlot}, P. and {Cioni}, M. -R.~L. and {Crosta}, M. and {Crowley}, C. and {del Peloso}, E.~F. and {del Pozo}, E. and {Drimmel}, R. and {Esquej}, P. and {Fienga}, A. and {Fraile}, E. and {Gai}, M. and {Garcia-Reinaldos}, M. and {Guerra}, R. and {Hambly}, N.~C. and {Hauser}, M. and {Jan{\ss}en}, K. and {Jordan}, S. and {Kostrzewa-Rutkowska}, Z. and {Lattanzi}, M.~G. and {Liao}, S. and {Licata}, E. and {Lister}, T.~A. and {L{\"o}ffler}, W. and {Marchant}, J.~M. and {Masip}, A. and {Mignard}, F. and {Mints}, A. and {Molina}, D. and {Mora}, A. and {Morbidelli}, R. and {Murphy}, C.~P. and {Pagani}, C. and {Panuzzo}, P. and {Pe{\~n}alosa Esteller}, X. and {Poggio}, E. and {Re Fiorentin}, P. and {Riva}, A. and {Sagrist{\`a} Sell{\'e}s}, A. and {Sanchez Gimenez}, V. and {Sarasso}, M. and {Sciacca}, E. and {Siddiqui}, H.~I. and {Smart}, R.~L. and {Souami}, D. and {Spagna}, A. and {Steele}, I.~A. and {Taris}, F. and {Utrilla}, E. and {van Reeven}, W. and {Vecchiato}, A.},
	year         = 2021,
	month        = may,
	journal      = {\aap},
	volume       = 649,
	pages        = {A2},
	doi          = {10.1051/0004-6361/202039709},
	keywords     = {astrometry, parallaxes, proper motions, methods: data analysis, space vehicles: instruments, Astrophysics - Instrumentation and Methods for Astrophysics},
	eid          = {A2},
	archiveprefix = {arXiv},
	eprint       = {2012.03380},
	primaryclass = {astro-ph.IM},
	adsurl       = {https://ui.adsabs.harvard.edu/abs/2021A&A...649A...2L},
	adsnote      = {Provided by the SAO/NASA Astrophysics Data System}
}
@inproceedings{1996ASPC...92..307G,
	title        = {{The [Fe/O] Ratio in Field Stars and the History of Star Formation of the Solar Neighbourhood}},
	author       = {{Gratton}, Raffaele and {Carretta}, Eugenio and {Matteucci}, Francesca and {Sneden}, Christopher},
	year         = 1996,
	month        = apr,
	booktitle    = {Formation of the Galactic Halo...Inside and Out},
	series       = {Astronomical Society of the Pacific Conference Series},
	volume       = 92,
	pages        = 307,
	editor       = {{Morrison}, Heather L. and {Sarajedini}, Ata},
	adsurl       = {https://ui.adsabs.harvard.edu/abs/1996ASPC...92..307G},
	adsnote      = {Provided by the SAO/NASA Astrophysics Data System}
}
@article{2004AN....325....3F,
	title        = {{Nearby stars of the Galactic disk and halo. III.}},
	author       = {{Fuhrmann}, K.},
	year         = 2004,
	month        = jan,
	journal      = {Astronomische Nachrichten},
	volume       = 325,
	number       = 1,
	pages        = {3--80},
	doi          = {10.1002/asna.200310173},
	keywords     = {stars: fundamental parameters, Galaxy: formation, Galaxy: stellar content, Galaxy: evolution},
	adsurl       = {https://ui.adsabs.harvard.edu/abs/2004AN....325....3F},
	adsnote      = {Provided by the SAO/NASA Astrophysics Data System}
}
@article{1998A&A...338..161F,
	title        = {{Nearby stars of the Galactic disk and halo}},
	author       = {{Fuhrmann}, Klaus},
	year         = 1998,
	month        = oct,
	journal      = {\aap},
	volume       = 338,
	pages        = {161--183},
	keywords     = {STARS: DISTANCES, STARS: FUNDAMENTAL PARAMETERS, STARS: LATE-TYPE, GALAXY: EVOLUTION},
	adsurl       = {https://ui.adsabs.harvard.edu/abs/1998A&A...338..161F},
	adsnote      = {Provided by the SAO/NASA Astrophysics Data System}
}
@article{2006MNRAS.367.1329R,
	title        = {{Elemental abundance survey of the Galactic thick disc}},
	author       = {{Reddy}, Bacham E. and {Lambert}, David L. and {Allende Prieto}, Carlos},
	year         = 2006,
	month        = apr,
	journal      = {\mnras},
	volume       = 367,
	number       = 4,
	pages        = {1329--1366},
	doi          = {10.1111/j.1365-2966.2006.10148.x},
	keywords     = {stars: abundances, stars: kinematics, Galaxy: abundances, Galaxy: evolution, Astrophysics},
	archiveprefix = {arXiv},
	eprint       = {astro-ph/0512505},
	primaryclass = {astro-ph},
	adsurl       = {https://ui.adsabs.harvard.edu/abs/2006MNRAS.367.1329R},
	adsnote      = {Provided by the SAO/NASA Astrophysics Data System}
}
@article{2011A&A...535L..11A,
	title        = {{A new {\ensuremath{\alpha}}-enhanced super-solar metallicity population}},
	author       = {{Adibekyan}, V. Zh. and {Santos}, N.~C. and {Sousa}, S.~G. and {Israelian}, G.},
	year         = 2011,
	month        = nov,
	journal      = {\aap},
	volume       = 535,
	pages        = {L11},
	doi          = {10.1051/0004-6361/201118240},
	keywords     = {stars: abundances, stars: kinematics and dynamics, Galaxy: disk, Astrophysics - Galaxy Astrophysics},
	eid          = {L11},
	archiveprefix = {arXiv},
	eprint       = {1111.4936},
	primaryclass = {astro-ph.GA},
	adsurl       = {https://ui.adsabs.harvard.edu/abs/2011A&A...535L..11A},
	adsnote      = {Provided by the SAO/NASA Astrophysics Data System}
}
@article{2012A&A...545A..32A,
	title        = {{Chemical abundances of 1111 FGK stars from the HARPS GTO planet search program. Galactic stellar populations and planets}},
	author       = {{Adibekyan}, V. Zh. and {Sousa}, S.~G. and {Santos}, N.~C. and {Delgado Mena}, E. and {Gonz{\'a}lez Hern{\'a}ndez}, J.~I. and {Israelian}, G. and {Mayor}, M. and {Khachatryan}, G.},
	year         = 2012,
	month        = sep,
	journal      = {\aap},
	volume       = 545,
	pages        = {A32},
	doi          = {10.1051/0004-6361/201219401},
	keywords     = {stars: abundances, planetary systems, stars: fundamental parameters, Galaxy: disk, solar neighborhood, stars: kinematics and dynamics, Astrophysics - Earth and Planetary Astrophysics, Astrophysics - Solar and Stellar Astrophysics},
	eid          = {A32},
	archiveprefix = {arXiv},
	eprint       = {1207.2388},
	primaryclass = {astro-ph.EP},
	adsurl       = {https://ui.adsabs.harvard.edu/abs/2012A&A...545A..32A},
	adsnote      = {Provided by the SAO/NASA Astrophysics Data System}
}
@article{2014A&A...562A..71B,
	title        = {{Exploring the Milky Way stellar disk. A detailed elemental abundance study of 714 F and G dwarf stars in the solar neighbourhood}},
	author       = {{Bensby}, T. and {Feltzing}, S. and {Oey}, M.~S.},
	year         = 2014,
	month        = feb,
	journal      = {\aap},
	volume       = 562,
	pages        = {A71},
	doi          = {10.1051/0004-6361/201322631},
	keywords     = {Galaxy: disk, Galaxy: formation, Galaxy: evolution, stars: abundances, stars: fundamental parameters, stars: kinematics and dynamics, Astrophysics - Astrophysics of Galaxies},
	eid          = {A71},
	archiveprefix = {arXiv},
	eprint       = {1309.2631},
	primaryclass = {astro-ph.GA},
	adsurl       = {https://ui.adsabs.harvard.edu/abs/2014A&A...562A..71B},
	adsnote      = {Provided by the SAO/NASA Astrophysics Data System}
}
@article{2020MNRAS.493.2952H,
	title        = {{The GALAH survey: chemodynamics of the solar neighbourhood}},
	author       = {{Hayden}, Michael R. and {Bland-Hawthorn}, Joss and {Sharma}, Sanjib and {Freeman}, Ken and {Kos}, Janez and {Buder}, Sven and {Anguiano}, Borja and {Asplund}, Martin and {Chen}, Boquan and {De Silva}, Gayandhi M. and {Khanna}, Shourya and {Lin}, Jane and {Horner}, Jonathan and {Martell}, Sarah and {Ting}, Yuan-Sen and {Wyse}, Rosemary and {Zucker}, Daniel and {Zwitter}, Tomaz},
	year         = 2020,
	month        = apr,
	journal      = {\mnras},
	volume       = 493,
	number       = 2,
	pages        = {2952--2964},
	doi          = {10.1093/mnras/staa335},
	keywords     = {Galaxy: abundances, Galaxy: kinematics and dynamics, Galaxy: stellar content, Galaxy: structure, Astrophysics - Astrophysics of Galaxies},
	archiveprefix = {arXiv},
	eprint       = {1901.07565},
	primaryclass = {astro-ph.GA},
	adsurl       = {https://ui.adsabs.harvard.edu/abs/2020MNRAS.493.2952H},
	adsnote      = {Provided by the SAO/NASA Astrophysics Data System}
}
@article{2017MNRAS.472.3637G,
	title        = {{The AMBRE project: chemical evolution models for the Milky Way thick and thin discs}},
	author       = {{Grisoni}, V. and {Spitoni}, E. and {Matteucci}, F. and {Recio-Blanco}, A. and {de Laverny}, P. and {Hayden}, M. and {Mikolaitis}, {\^{S}}. and {Worley}, C.~C.},
	year         = 2017,
	month        = dec,
	journal      = {\mnras},
	volume       = 472,
	number       = 3,
	pages        = {3637--3647},
	doi          = {10.1093/mnras/stx2201},
	keywords     = {Galaxy: abundances, Galaxy: evolution, Galaxy: formation, Astrophysics - Astrophysics of Galaxies},
	archiveprefix = {arXiv},
	eprint       = {1706.02614},
	primaryclass = {astro-ph.GA},
	adsurl       = {https://ui.adsabs.harvard.edu/abs/2017MNRAS.472.3637G},
	adsnote      = {Provided by the SAO/NASA Astrophysics Data System}
}
@article{1997ApJ...477..765C,
	title        = {{The Chemical Evolution of the Galaxy: The Two-Infall Model}},
	author       = {{Chiappini}, C. and {Matteucci}, F. and {Gratton}, R.},
	year         = 1997,
	month        = mar,
	journal      = {\apj},
	volume       = 477,
	number       = 2,
	pages        = {765--780},
	doi          = {10.1086/303726},
	keywords     = {ISM: individual (HH 1-2), ISM: Jets and Outflows, ISM: Molecules, ISM: Structure, Stars: Formation, Astrophysics},
	archiveprefix = {arXiv},
	eprint       = {astro-ph/9609199},
	primaryclass = {astro-ph},
	adsurl       = {https://ui.adsabs.harvard.edu/abs/1997ApJ...477..765C},
	adsnote      = {Provided by the SAO/NASA Astrophysics Data System}
}
@inproceedings{2009IAUS..254..191C,
	title        = {{The chemical evolution of the Galactic thick and thin disks}},
	author       = {{Chiappini}, Cristina},
	year         = 2009,
	month        = mar,
	booktitle    = {The Galaxy Disk in Cosmological Context},
	volume       = 254,
	pages        = {191--196},
	doi          = {10.1017/S1743921308027580},
	keywords     = {Galaxy: abundances, Galaxy: disk, Galaxy: evolution, stars: abundances},
	editor       = {{Andersen}, Johannes and {Nordstr{\"o}ara} and {m}, Birgitta and {Bland-Hawthorn}, Joss},
	adsurl       = {https://ui.adsabs.harvard.edu/abs/2009IAUS..254..191C},
	adsnote      = {Provided by the SAO/NASA Astrophysics Data System}
}
@article{2009A&A...504...87S,
	title        = {{Effects of galactic fountains and delayed mixing in the chemical evolution of the Milky Way}},
	author       = {{Spitoni}, E. and {Matteucci}, F. and {Recchi}, S. and {Cescutti}, G. and {Pipino}, A.},
	year         = 2009,
	month        = sep,
	journal      = {\aap},
	volume       = 504,
	number       = 1,
	pages        = {87--96},
	doi          = {10.1051/0004-6361/200911768},
	keywords     = {Galaxy: abundances, Galaxy: evolution, Galaxy: disk, Galaxy: open clusters and associations: general, stars: supernovae: general, Astrophysics - Astrophysics of Galaxies},
	archiveprefix = {arXiv},
	eprint       = {0906.3400},
	primaryclass = {astro-ph.GA},
	adsurl       = {https://ui.adsabs.harvard.edu/abs/2009A&A...504...87S},
	adsnote      = {Provided by the SAO/NASA Astrophysics Data System}
}
@article{2019A&A...623A..60S,
	title        = {{Galactic Archaeology with asteroseismic ages: Evidence for delayed gas infall in the formation of the Milky Way disc}},
	author       = {{Spitoni}, E. and {Silva Aguirre}, V. and {Matteucci}, F. and {Calura}, F. and {Grisoni}, V.},
	year         = 2019,
	month        = mar,
	journal      = {\aap},
	volume       = 623,
	pages        = {A60},
	doi          = {10.1051/0004-6361/201834188},
	keywords     = {Galaxy: abundances, Galaxy: evolution, ISM: general, asteroseismology, Astrophysics - Astrophysics of Galaxies},
	eid          = {A60},
	archiveprefix = {arXiv},
	eprint       = {1809.00914},
	primaryclass = {astro-ph.GA},
	adsurl       = {https://ui.adsabs.harvard.edu/abs/2019A&A...623A..60S},
	adsnote      = {Provided by the SAO/NASA Astrophysics Data System}
}
@article{2014ApJ...796...38N,
	title        = {{Tracing Chemical Evolution over the Extent of the Milky Way's Disk with APOGEE Red Clump Stars}},
	author       = {{Nidever}, David L. and {Bovy}, Jo and {Bird}, Jonathan C. and {Andrews}, Brett H. and {Hayden}, Michael and {Holtzman}, Jon and {Majewski}, Steven R. and {Smith}, Verne and {Robin}, Annie C. and {Garc{\'\i}a P{\'e}rez}, Ana E. and {Cunha}, Katia and {Allende Prieto}, Carlos and {Zasowski}, Gail and {Schiavon}, Ricardo P. and {Johnson}, Jennifer A. and {Weinberg}, David H. and {Feuillet}, Diane and {Schneider}, Donald P. and {Shetrone}, Matthew and {Sobeck}, Jennifer and {Garc{\'\i}a-Hern{\'a}ndez}, D.~A. and {Zamora}, O. and {Rix}, Hans-Walter and {Beers}, Timothy C. and {Wilson}, John C. and {O'Connell}, Robert W. and {Minchev}, Ivan and {Chiappini}, Cristina and {Anders}, Friedrich and {Bizyaev}, Dmitry and {Brewington}, Howard and {Ebelke}, Garrett and {Frinchaboy}, Peter M. and {Ge}, Jian and {Kinemuchi}, Karen and {Malanushenko}, Elena and {Malanushenko}, Viktor and {Marchante}, Moses and {M{\'e}sz{\'a}ros}, Szabolcs and {Oravetz}, Daniel and {Pan}, Kaike and {Simmons}, Audrey and {Skrutskie}, Michael F.},
	year         = 2014,
	month        = nov,
	journal      = {\apj},
	volume       = 796,
	number       = 1,
	pages        = 38,
	doi          = {10.1088/0004-637X/796/1/38},
	keywords     = {Galaxy: abundances, Galaxy: disk, Galaxy: evolution, Galaxy: stellar content, Galaxy: structure, surveys, Astrophysics - Astrophysics of Galaxies},
	eid          = 38,
	archiveprefix = {arXiv},
	eprint       = {1409.3566},
	primaryclass = {astro-ph.GA},
	adsurl       = {https://ui.adsabs.harvard.edu/abs/2014ApJ...796...38N},
	adsnote      = {Provided by the SAO/NASA Astrophysics Data System}
}
@article{2019MNRAS.484.3476C,
	title        = {{The imprint of clump formation at high redshift - I. A disc {\ensuremath{\alpha}}-abundance dichotomy}},
	author       = {{Clarke}, Adam J. and {Debattista}, Victor P. and {Nidever}, David L. and {Loebman}, Sarah R. and {Simons}, Raymond C. and {Kassin}, Susan and {Du}, Min and {Ness}, Melissa and {Fisher}, Deanne B. and {Quinn}, Thomas R. and {Wadsley}, James and {Freeman}, Ken C. and {Popescu}, Cristina C.},
	year         = 2019,
	month        = apr,
	journal      = {\mnras},
	volume       = 484,
	number       = 3,
	pages        = {3476--3490},
	doi          = {10.1093/mnras/stz104},
	keywords     = {Galaxy: abundances, Galaxy: disc, Galaxy: evolution, Galaxy: formation, Galaxy: structure, Astrophysics - Astrophysics of Galaxies},
	archiveprefix = {arXiv},
	eprint       = {1901.00931},
	primaryclass = {astro-ph.GA},
	adsurl       = {https://ui.adsabs.harvard.edu/abs/2019MNRAS.484.3476C},
	adsnote      = {Provided by the SAO/NASA Astrophysics Data System}
}
@article{2020MNRAS.492.4716B,
	title        = {{Geometric properties of galactic discs with clumpy episodes}},
	author       = {{Beraldo e Silva}, Leandro and {Debattista}, Victor P. and {Khachaturyants}, Tigran and {Nidever}, David},
	year         = 2020,
	month        = mar,
	journal      = {\mnras},
	volume       = 492,
	number       = 4,
	pages        = {4716--4726},
	doi          = {10.1093/mnras/staa065},
	keywords     = {Galaxy: abundances, Galaxy: disc, Galaxy: evolution, Galaxy: formation, Galaxy: structure, galaxies: abundances, Astrophysics - Astrophysics of Galaxies},
	archiveprefix = {arXiv},
	eprint       = {1911.03717},
	primaryclass = {astro-ph.GA},
	adsurl       = {https://ui.adsabs.harvard.edu/abs/2020MNRAS.492.4716B},
	adsnote      = {Provided by the SAO/NASA Astrophysics Data System}
}
@article{2021MNRAS.502..260B,
	title        = {{Co-formation of the thin and thick discs revealed by APOGEE-DR16 and Gaia-DR2}},
	author       = {{Beraldo e Silva}, Leandro and {Debattista}, Victor P. and {Nidever}, David and {Amarante}, Jo{\~a}o A.~S. and {Garver}, Bethany},
	year         = 2021,
	month        = mar,
	journal      = {\mnras},
	volume       = 502,
	number       = 1,
	pages        = {260--272},
	doi          = {10.1093/mnras/staa3966},
	keywords     = {Galaxy: abundances, Galaxy: disc, Galaxy: evolution, Galaxy: formation, Galaxy: structure, Astrophysics - Astrophysics of Galaxies},
	archiveprefix = {arXiv},
	eprint       = {2009.03346},
	primaryclass = {astro-ph.GA},
	adsurl       = {https://ui.adsabs.harvard.edu/abs/2021MNRAS.502..260B},
	adsnote      = {Provided by the SAO/NASA Astrophysics Data System}
}
@article{2023ApJ...953..128G,
	title        = {{Exploring the Evolution of Massive Clumps in Simulations That Reproduce the Observed Milky Way {\ensuremath{\alpha}}-element Abundance Bimodality}},
	author       = {{Garver}, Bethany R. and {Nidever}, David L. and {Debattista}, Victor P. and {Beraldo e Silva}, Leandro and {Khachaturyants}, Tigran},
	year         = 2023,
	month        = aug,
	journal      = {\apj},
	volume       = 953,
	number       = 2,
	pages        = 128,
	doi          = {10.3847/1538-4357/acdfc6},
	keywords     = {Galaxy abundances, Galaxy disks, Galaxy evolution, Galaxy formation, Galaxy structure, Hydrodynamical simulations, 574, 589, 594, 595, 622, 767, Astrophysics - Astrophysics of Galaxies},
	eid          = 128,
	archiveprefix = {arXiv},
	eprint       = {2306.12388},
	primaryclass = {astro-ph.GA},
	adsurl       = {https://ui.adsabs.harvard.edu/abs/2023ApJ...953..128G},
	adsnote      = {Provided by the SAO/NASA Astrophysics Data System}
}
@article{2005ApJ...627..632E,
	title        = {{Stellar Populations in 10 Clump-Cluster Galaxies of the Hubble Ultra Deep Field}},
	author       = {{Elmegreen}, Bruce G. and {Elmegreen}, Debra Meloy},
	year         = 2005,
	month        = jul,
	journal      = {\apj},
	volume       = 627,
	number       = 2,
	pages        = {632--646},
	doi          = {10.1086/430514},
	keywords     = {Galaxies: Evolution, Galaxies: Formation, Galaxies: High-Redshift, Galaxies: Irregular, Astrophysics},
	archiveprefix = {arXiv},
	eprint       = {astro-ph/0504032},
	primaryclass = {astro-ph},
	adsurl       = {https://ui.adsabs.harvard.edu/abs/2005ApJ...627..632E},
	adsnote      = {Provided by the SAO/NASA Astrophysics Data System}
}
@article{2007ApJ...658..763E,
	title        = {{Resolved Galaxies in the Hubble Ultra Deep Field: Star Formation in Disks at High Redshift}},
	author       = {{Elmegreen}, Debra Meloy and {Elmegreen}, Bruce G. and {Ravindranath}, Swara and {Coe}, Daniel A.},
	year         = 2007,
	month        = apr,
	journal      = {\apj},
	volume       = 658,
	number       = 2,
	pages        = {763--777},
	doi          = {10.1086/511667},
	keywords     = {Galaxies: Evolution, Galaxies: Formation, Galaxies: High-Redshift, Astrophysics},
	archiveprefix = {arXiv},
	eprint       = {astro-ph/0701121},
	primaryclass = {astro-ph},
	adsurl       = {https://ui.adsabs.harvard.edu/abs/2007ApJ...658..763E},
	adsnote      = {Provided by the SAO/NASA Astrophysics Data System}
}
@article{2009MNRAS.396..203S,
	title        = {{Chemical evolution with radial mixing}},
	author       = {{Sch{\"o}nrich}, Ralph and {Binney}, James},
	year         = 2009,
	month        = jun,
	journal      = {\mnras},
	volume       = 396,
	number       = 1,
	pages        = {203--222},
	doi          = {10.1111/j.1365-2966.2009.14750.x},
	keywords     = {galaxies: abundances, galaxies: evolution, galaxies: ISM, galaxies: kinematics and dynamics, Galaxy: disc, solar neighbourhood, Astrophysics},
	archiveprefix = {arXiv},
	eprint       = {0809.3006},
	primaryclass = {astro-ph},
	adsurl       = {https://ui.adsabs.harvard.edu/abs/2009MNRAS.396..203S},
	adsnote      = {Provided by the SAO/NASA Astrophysics Data System}
}
@article{2021MNRAS.507.5882S,
	title        = {{Chemical enrichment and radial migration in the Galactic disc - the origin of the [{\ensuremath{\alpha}}Fe] double sequence}},
	author       = {{Sharma}, Sanjib and {Hayden}, Michael R. and {Bland-Hawthorn}, Joss},
	year         = 2021,
	month        = nov,
	journal      = {\mnras},
	volume       = 507,
	number       = 4,
	pages        = {5882--5901},
	doi          = {10.1093/mnras/stab2015},
	keywords     = {Galaxy: abundances, Galaxy: disc, Galaxy: evolution, Galaxy: formation, Galaxy: structure, Astrophysics - Astrophysics of Galaxies},
	archiveprefix = {arXiv},
	eprint       = {2005.03646},
	primaryclass = {astro-ph.GA},
	adsurl       = {https://ui.adsabs.harvard.edu/abs/2021MNRAS.507.5882S},
	adsnote      = {Provided by the SAO/NASA Astrophysics Data System}
}
@article{2023MNRAS.523.3791C,
	title        = {{Chemical evolution with radial mixing redux: a detailed model for formation and evolution of the Milky Way}},
	author       = {{Chen}, Boquan and {Hayden}, Michael R. and {Sharma}, Sanjib and {Bland-Hawthorn}, Joss and {Kobayashi}, Chiaki and {Karakas}, Amanda I.},
	year         = 2023,
	month        = aug,
	journal      = {\mnras},
	volume       = 523,
	number       = 3,
	pages        = {3791--3811},
	doi          = {10.1093/mnras/stad1568},
	keywords     = {Galaxy: abundances, Galaxy: evolution, Galaxy: fundamental parameters, Astrophysics - Astrophysics of Galaxies},
	archiveprefix = {arXiv},
	eprint       = {2204.11413},
	primaryclass = {astro-ph.GA},
	adsurl       = {https://ui.adsabs.harvard.edu/abs/2023MNRAS.523.3791C},
	adsnote      = {Provided by the SAO/NASA Astrophysics Data System}
}
@article{2021MNRAS.508.4484J,
	title        = {{Stellar migration and chemical enrichment in the milky way disc: a hybrid model}},
	author       = {{Johnson}, James W. and {Weinberg}, David H. and {Vincenzo}, Fiorenzo and {Bird}, Jonathan C. and {Loebman}, Sarah R. and {Brooks}, Alyson M. and {Quinn}, Thomas R. and {Christensen}, Charlotte R. and {Griffith}, Emily J.},
	year         = 2021,
	month        = dec,
	journal      = {\mnras},
	volume       = 508,
	number       = 3,
	pages        = {4484--4511},
	doi          = {10.1093/mnras/stab2718},
	keywords     = {methods: numerical, galaxies: abundances, galaxies: evolution, galaxies: star formation, galaxies: stellar content, Astrophysics - Astrophysics of Galaxies},
	archiveprefix = {arXiv},
	eprint       = {2103.09838},
	primaryclass = {astro-ph.GA},
	adsurl       = {https://ui.adsabs.harvard.edu/abs/2021MNRAS.508.4484J},
	adsnote      = {Provided by the SAO/NASA Astrophysics Data System}
}
@article{2011ApJ...737....8L,
	title        = {{The Genesis of the Milky Way's Thick Disk Via Stellar Migration}},
	author       = {{Loebman}, Sarah R. and {Ro{\v{s}}kar}, Rok and {Debattista}, Victor P. and {Ivezi{\'c}}, {\v{Z}}eljko and {Quinn}, Thomas R. and {Wadsley}, James},
	year         = 2011,
	month        = aug,
	journal      = {\apj},
	volume       = 737,
	number       = 1,
	pages        = 8,
	doi          = {10.1088/0004-637X/737/1/8},
	keywords     = {galaxies: spiral, Galaxy: evolution, Galaxy: kinematics and dynamics, Galaxy: stellar content, Galaxy: structure, solar neighborhood, Astrophysics - Astrophysics of Galaxies},
	eid          = 8,
	archiveprefix = {arXiv},
	eprint       = {1009.5997},
	primaryclass = {astro-ph.GA},
	adsurl       = {https://ui.adsabs.harvard.edu/abs/2011ApJ...737....8L},
	adsnote      = {Provided by the SAO/NASA Astrophysics Data System}
}
@article{2004ApJ...612..894B,
	title        = {{The Emergence of the Thick Disk in a Cold Dark Matter Universe}},
	author       = {{Brook}, Chris B. and {Kawata}, Daisuke and {Gibson}, Brad K. and {Freeman}, Ken C.},
	year         = 2004,
	month        = sep,
	journal      = {\apj},
	volume       = 612,
	number       = 2,
	pages        = {894--899},
	doi          = {10.1086/422709},
	keywords     = {Galaxies: Evolution, Galaxies: Formation, Galaxy: Disk, Astrophysics},
	archiveprefix = {arXiv},
	eprint       = {astro-ph/0405306},
	primaryclass = {astro-ph},
	adsurl       = {https://ui.adsabs.harvard.edu/abs/2004ApJ...612..894B},
	adsnote      = {Provided by the SAO/NASA Astrophysics Data System}
}
@article{2005ApJ...630..298B,
	title        = {{The Emergence of the Thick Disk in a CDM Universe. II. Colors and Abundance Patterns}},
	author       = {{Brook}, Chris B. and {Gibson}, Brad K. and {Martel}, Hugo and {Kawata}, Daisuke},
	year         = 2005,
	month        = sep,
	journal      = {\apj},
	volume       = 630,
	number       = 1,
	pages        = {298--308},
	doi          = {10.1086/431924},
	keywords     = {Galaxies: Evolution, Galaxies: Formation, Galaxies: Halos, Galaxies: Structure, Methods: Numerical, Astrophysics},
	archiveprefix = {arXiv},
	eprint       = {astro-ph/0503273},
	primaryclass = {astro-ph},
	adsurl       = {https://ui.adsabs.harvard.edu/abs/2005ApJ...630..298B},
	adsnote      = {Provided by the SAO/NASA Astrophysics Data System}
}
@article{2007ApJ...658...60B,
	title        = {{Two Disk Components from a Gas-Rich Disk-Disk Merger}},
	author       = {{Brook}, Chris and {Richard}, Simon and {Kawata}, Daisuke and {Martel}, Hugo and {Gibson}, Brad K.},
	year         = 2007,
	month        = mar,
	journal      = {\apj},
	volume       = 658,
	number       = 1,
	pages        = {60--64},
	doi          = {10.1086/511056},
	keywords     = {Galaxies: Evolution, Galaxies: Formation, Galaxies: Interactions, Galaxies: Structure, Astrophysics},
	archiveprefix = {arXiv},
	eprint       = {astro-ph/0611748},
	primaryclass = {astro-ph},
	adsurl       = {https://ui.adsabs.harvard.edu/abs/2007ApJ...658...60B},
	adsnote      = {Provided by the SAO/NASA Astrophysics Data System}
}
@article{2018MNRAS.474.3629G,
	title        = {{Origin of chemically distinct discs in the Auriga cosmological simulations}},
	author       = {{Grand}, Robert J.~J. and {Bustamante}, Sebasti{\'a}n and {G{\'o}mez}, Facundo A. and {Kawata}, Daisuke and {Marinacci}, Federico and {Pakmor}, R{\"u}diger and {Rix}, Hans-Walter and {Simpson}, Christine M. and {Sparre}, Martin and {Springel}, Volker},
	year         = 2018,
	month        = mar,
	journal      = {\mnras},
	volume       = 474,
	number       = 3,
	pages        = {3629--3639},
	doi          = {10.1093/mnras/stx3025},
	keywords     = {galaxies: evolution, galaxies: kinematics and dynamics, galaxies: spiral, galaxies: structure, Astrophysics - Astrophysics of Galaxies, Astrophysics - Cosmology and Nongalactic Astrophysics, Astrophysics - Solar and Stellar Astrophysics},
	archiveprefix = {arXiv},
	eprint       = {1708.07834},
	primaryclass = {astro-ph.GA},
	adsurl       = {https://ui.adsabs.harvard.edu/abs/2018MNRAS.474.3629G},
	adsnote      = {Provided by the SAO/NASA Astrophysics Data System}
}
@article{2010MNRAS.402.1489R,
	title        = {{Structure, kinematics and chemical enrichment patterns after major gas-rich disc-disc mergers}},
	author       = {{Richard}, Simon and {Brook}, Chris B. and {Martel}, Hugo and {Kawata}, Daisuke and {Gibson}, Brad K. and {Sanchez-Blazquez}, Patricia},
	year         = 2010,
	month        = mar,
	journal      = {\mnras},
	volume       = 402,
	number       = 3,
	pages        = {1489--1503},
	doi          = {10.1111/j.1365-2966.2009.16008.x},
	keywords     = {galaxies: evolution, galaxies: formation, galaxies: interactions, galaxies: structure, Astrophysics - Cosmology and Nongalactic Astrophysics, Astrophysics - Astrophysics of Galaxies},
	archiveprefix = {arXiv},
	eprint       = {0911.1801},
	primaryclass = {astro-ph.CO},
	adsurl       = {https://ui.adsabs.harvard.edu/abs/2010MNRAS.402.1489R},
	adsnote      = {Provided by the SAO/NASA Astrophysics Data System}
}
@article{2012MNRAS.426..690B,
	title        = {{Thin disc, thick disc and halo in a simulated galaxy}},
	author       = {{Brook}, C.~B. and {Stinson}, G.~S. and {Gibson}, B.~K. and {Kawata}, D. and {House}, E.~L. and {Miranda}, M.~S. and {Macci{\`o}}, A.~V. and {Pilkington}, K. and {Ro{\v{s}}kar}, R. and {Wadsley}, J. and {Quinn}, T.~R.},
	year         = 2012,
	month        = oct,
	journal      = {\mnras},
	volume       = 426,
	number       = 1,
	pages        = {690--700},
	doi          = {10.1111/j.1365-2966.2012.21738.x},
	keywords     = {Galaxy: disc, Galaxy: evolution, Galaxy: formation, galaxies: evolution, galaxies: formation, Astrophysics - Astrophysics of Galaxies},
	archiveprefix = {arXiv},
	eprint       = {1206.0740},
	primaryclass = {astro-ph.GA},
	adsurl       = {https://ui.adsabs.harvard.edu/abs/2012MNRAS.426..690B},
	adsnote      = {Provided by the SAO/NASA Astrophysics Data System}
}
@article{2013A&A...558A...9M,
	title        = {{Chemodynamical evolution of the Milky Way disk. I. The solar vicinity}},
	author       = {{Minchev}, I. and {Chiappini}, C. and {Martig}, M.},
	year         = 2013,
	month        = oct,
	journal      = {\aap},
	volume       = 558,
	pages        = {A9},
	doi          = {10.1051/0004-6361/201220189},
	keywords     = {Galaxy: kinematics and dynamics, galaxies: evolution, Galaxy: evolution, Galaxy: abundances, solar neighborhood, Galaxy: formation, Astrophysics - Astrophysics of Galaxies, Astrophysics - Cosmology and Nongalactic Astrophysics},
	eid          = {A9},
	archiveprefix = {arXiv},
	eprint       = {1208.1506},
	primaryclass = {astro-ph.GA},
	adsurl       = {https://ui.adsabs.harvard.edu/abs/2013A&A...558A...9M},
	adsnote      = {Provided by the SAO/NASA Astrophysics Data System}
}
@article{2009MNRAS.400.1347C,
	title        = {{Chemical evolution of local galaxies in a hierarchical model}},
	author       = {{Calura}, F. and {Menci}, N.},
	year         = 2009,
	month        = dec,
	journal      = {\mnras},
	volume       = 400,
	number       = 3,
	pages        = {1347--1365},
	doi          = {10.1111/j.1365-2966.2009.15440.x},
	keywords     = {galaxies: abundances, galaxies: evolution, galaxies: formation, Astrophysics - Cosmology and Nongalactic Astrophysics, Astrophysics - Astrophysics of Galaxies},
	archiveprefix = {arXiv},
	eprint       = {0907.3729},
	primaryclass = {astro-ph.CO},
	adsurl       = {https://ui.adsabs.harvard.edu/abs/2009MNRAS.400.1347C},
	adsnote      = {Provided by the SAO/NASA Astrophysics Data System}
}
@article{2024MNRAS.528L.122C,
	title        = {{Chasing the impact of the Gaia-Sausage-Enceladus merger on the formation of the Milky Way thick disc}},
	author       = {{Ciuc{\u{a}}}, Ioana and {Kawata}, Daisuke and {Ting}, Yuan-Sen and {Grand}, Robert J.~J. and {Miglio}, Andrea and {Hayden}, Michael and {Baba}, Junichi and {Fragkoudi}, Francesca and {Monty}, Stephanie and {Buder}, Sven and {Freeman}, Ken},
	year         = 2024,
	month        = feb,
	journal      = {\mnras},
	volume       = 528,
	number       = 1,
	pages        = {L122-L126},
	doi          = {10.1093/mnrasl/slad033},
	keywords     = {Galaxy: formation, Galaxy: abundances, asteroseismology, Astrophysics - Astrophysics of Galaxies},
	archiveprefix = {arXiv},
	eprint       = {2211.01006},
	primaryclass = {astro-ph.GA},
	adsurl       = {https://ui.adsabs.harvard.edu/abs/2024MNRAS.528L.122C},
	adsnote      = {Provided by the SAO/NASA Astrophysics Data System}
}
@article{2020MNRAS.491.5435B,
	title        = {{On the origin of the chemical bimodality of disc stars: a tale of merger and migration}},
	author       = {{Buck}, Tobias},
	year         = 2020,
	month        = feb,
	journal      = {\mnras},
	volume       = 491,
	number       = 4,
	pages        = {5435--5446},
	doi          = {10.1093/mnras/stz3289},
	keywords     = {methods: numerical, Galaxy: disc, Galaxy: structure, galaxies: evolution, galaxies: formation, galaxies: kinematics and dynamics, Astrophysics - Astrophysics of Galaxies, Astrophysics - Solar and Stellar Astrophysics},
	archiveprefix = {arXiv},
	eprint       = {1909.09162},
	primaryclass = {astro-ph.GA},
	adsurl       = {https://ui.adsabs.harvard.edu/abs/2020MNRAS.491.5435B},
	adsnote      = {Provided by the SAO/NASA Astrophysics Data System}
}
@article{2021MNRAS.503.5846R,
	title        = {{VINTERGATAN - II. The history of the Milky Way told by its mergers}},
	author       = {{Renaud}, Florent and {Agertz}, Oscar and {Read}, Justin I. and {Ryde}, Nils and {Andersson}, Eric P. and {Bensby}, Thomas and {Rey}, Martin P. and {Feuillet}, Diane K.},
	year         = 2021,
	month        = jun,
	journal      = {\mnras},
	volume       = 503,
	number       = 4,
	pages        = {5846--5867},
	doi          = {10.1093/mnras/stab250},
	keywords     = {methods: numerical, Galaxy: abundances, Galaxy: formation, galaxies: interactions, Astrophysics - Astrophysics of Galaxies},
	archiveprefix = {arXiv},
	eprint       = {2006.06011},
	primaryclass = {astro-ph.GA},
	adsurl       = {https://ui.adsabs.harvard.edu/abs/2021MNRAS.503.5846R},
	adsnote      = {Provided by the SAO/NASA Astrophysics Data System}
}
@article{2021MNRAS.508.3365B,
	title        = {{The challenge of simultaneously matching the observed diversity of chemical abundance patterns in cosmological hydrodynamical simulations}},
	author       = {{Buck}, Tobias and {Rybizki}, Jan and {Buder}, Sven and {Obreja}, Aura and {Macci{\`o}}, Andrea V. and {Pfrommer}, Christoph and {Steinmetz}, Matthias and {Ness}, Melissa},
	year         = 2021,
	month        = dec,
	journal      = {\mnras},
	volume       = 508,
	number       = 3,
	pages        = {3365--3387},
	doi          = {10.1093/mnras/stab2736},
	keywords     = {methods: numerical, galaxy: abundances, galaxy: structure, galaxies: abundances, galaxies: evolution, galaxies: formation, Astrophysics - Astrophysics of Galaxies, Astrophysics - Cosmology and Nongalactic Astrophysics, Astrophysics - Solar and Stellar Astrophysics},
	archiveprefix = {arXiv},
	eprint       = {2103.03884},
	primaryclass = {astro-ph.GA},
	adsurl       = {https://ui.adsabs.harvard.edu/abs/2021MNRAS.508.3365B},
	adsnote      = {Provided by the SAO/NASA Astrophysics Data System}
}
@article{2017A&A...605A..59R,
	title        = {{Chempy: A flexible chemical evolution model for abundance fitting. Do the Sun's abundances alone constrain chemical evolution models?}},
	author       = {{Rybizki}, Jan and {Just}, Andreas and {Rix}, Hans-Walter},
	year         = 2017,
	month        = sep,
	journal      = {\aap},
	volume       = 605,
	pages        = {A59},
	doi          = {10.1051/0004-6361/201730522},
	keywords     = {methods: statistical, nuclear reactions, nucleosynthesis, abundances, stars: luminosity function, mass function, supernovae: general, Sun: abundances, Galaxy: evolution, Astrophysics - Astrophysics of Galaxies, Astrophysics - Instrumentation and Methods for Astrophysics, Astrophysics - Solar and Stellar Astrophysics},
	eid          = {A59},
	archiveprefix = {arXiv},
	eprint       = {1702.08729},
	primaryclass = {astro-ph.GA},
	adsurl       = {https://ui.adsabs.harvard.edu/abs/2017A&A...605A..59R},
	adsnote      = {Provided by the SAO/NASA Astrophysics Data System}
}
@article{2018MNRAS.480..800H,
	title        = {{FIRE-2 simulations: physics versus numerics in galaxy formation}},
	author       = {{Hopkins}, Philip F. and {Wetzel}, Andrew and {Kere{\v{s}}}, Du{\v{s}}an and {Faucher-Gigu{\`e}re}, Claude-Andr{\'e} and {Quataert}, Eliot and {Boylan-Kolchin}, Michael and {Murray}, Norman and {Hayward}, Christopher C. and {Garrison-Kimmel}, Shea and {Hummels}, Cameron and {Feldmann}, Robert and {Torrey}, Paul and {Ma}, Xiangcheng and {Angl{\'e}s-Alc{\'a}zar}, Daniel and {Su}, Kung-Yi and {Orr}, Matthew and {Schmitz}, Denise and {Escala}, Ivanna and {Sanderson}, Robyn and {Grudi{\'c}}, Michael Y. and {Hafen}, Zachary and {Kim}, Ji-Hoon and {Fitts}, Alex and {Bullock}, James S. and {Wheeler}, Coral and {Chan}, T.~K. and {Elbert}, Oliver D. and {Narayanan}, Desika},
	year         = 2018,
	month        = oct,
	journal      = {\mnras},
	volume       = 480,
	number       = 1,
	pages        = {800--863},
	doi          = {10.1093/mnras/sty1690},
	keywords     = {methods: numerical, stars: formation, galaxies: active, galaxies: evolution, galaxies: formation, cosmology: theory, Astrophysics - Astrophysics of Galaxies, Astrophysics - Cosmology and Nongalactic Astrophysics, Astrophysics - Instrumentation and Methods for Astrophysics},
	archiveprefix = {arXiv},
	eprint       = {1702.06148},
	primaryclass = {astro-ph.GA},
	adsurl       = {https://ui.adsabs.harvard.edu/abs/2018MNRAS.480..800H},
	adsnote      = {Provided by the SAO/NASA Astrophysics Data System}
}
@article{2015MNRAS.450...53H,
	title        = {{A new class of accurate, mesh-free hydrodynamic simulation methods}},
	author       = {{Hopkins}, Philip F.},
	year         = 2015,
	month        = jun,
	journal      = {\mnras},
	volume       = 450,
	number       = 1,
	pages        = {53--110},
	doi          = {10.1093/mnras/stv195},
	keywords     = {hydrodynamics, instabilities, turbulence, methods: numerical, cosmology: theory, Astrophysics - Cosmology and Nongalactic Astrophysics, Astrophysics - Astrophysics of Galaxies, Astrophysics - Instrumentation and Methods for Astrophysics, Physics - Computational Physics, Physics - Fluid Dynamics},
	archiveprefix = {arXiv},
	eprint       = {1409.7395},
	primaryclass = {astro-ph.CO},
	adsurl       = {https://ui.adsabs.harvard.edu/abs/2015MNRAS.450...53H},
	adsnote      = {Provided by the SAO/NASA Astrophysics Data System}
}
@article{2018MNRAS.477.5072M,
	title        = {{The origin of diverse {\ensuremath{\alpha}}-element abundances in galaxy discs}},
	author       = {{Mackereth}, J. Ted and {Crain}, Robert A. and {Schiavon}, Ricardo P. and {Schaye}, Joop and {Theuns}, Tom and {Schaller}, Matthieu},
	year         = 2018,
	month        = jul,
	journal      = {\mnras},
	volume       = 477,
	number       = 4,
	pages        = {5072--5089},
	doi          = {10.1093/mnras/sty972},
	keywords     = {Galaxy: abundances, Galaxy: disc, Galaxy: formation, galaxies: evolution, galaxies: stellar content, Astrophysics - Astrophysics of Galaxies},
	archiveprefix = {arXiv},
	eprint       = {1801.03593},
	primaryclass = {astro-ph.GA},
	adsurl       = {https://ui.adsabs.harvard.edu/abs/2018MNRAS.477.5072M},
	adsnote      = {Provided by the SAO/NASA Astrophysics Data System}
}
@article{2022MNRAS.515.1430D,
	title        = {{Galaxy mergers can initiate quenching by unlocking an AGN-driven transformation of the baryon cycle}},
	author       = {{Davies}, Jonathan J. and {Pontzen}, Andrew and {Crain}, Robert A.},
	year         = 2022,
	month        = sep,
	journal      = {\mnras},
	volume       = 515,
	number       = 1,
	pages        = {1430--1443},
	doi          = {10.1093/mnras/stac1742},
	keywords     = {methods: numerical, galaxies: evolution, galaxies: formation, galaxies: haloes, (galaxies:) quasars: supermassive black holes, Astrophysics - Astrophysics of Galaxies},
	archiveprefix = {arXiv},
	eprint       = {2203.08157},
	primaryclass = {astro-ph.GA},
	adsurl       = {https://ui.adsabs.harvard.edu/abs/2022MNRAS.515.1430D},
	adsnote      = {Provided by the SAO/NASA Astrophysics Data System}
}
@article{2021MNRAS.501..236D,
	title        = {{Quenching and morphological evolution due to circumgalactic gas expulsion in a simulated galaxy with a controlled assembly history}},
	author       = {{Davies}, Jonathan J. and {Crain}, Robert A. and {Pontzen}, Andrew},
	year         = 2021,
	month        = jan,
	journal      = {\mnras},
	volume       = 501,
	number       = 1,
	pages        = {236--253},
	doi          = {10.1093/mnras/staa3643},
	keywords     = {methods: numerical, galaxies: evolution, galaxies: formation, galaxies: haloes, Astrophysics - Astrophysics of Galaxies, Astrophysics - Cosmology and Nongalactic Astrophysics},
	archiveprefix = {arXiv},
	eprint       = {2006.13221},
	primaryclass = {astro-ph.GA},
	adsurl       = {https://ui.adsabs.harvard.edu/abs/2021MNRAS.501..236D},
	adsnote      = {Provided by the SAO/NASA Astrophysics Data System}
}
@article{2017MNRAS.465..547P,
	title        = {{How to quench a galaxy}},
	author       = {{Pontzen}, Andrew and {Tremmel}, Michael and {Roth}, Nina and {Peiris}, Hiranya V. and {Saintonge}, Am{\'e}lie and {Volonteri}, Marta and {Quinn}, Tom and {Governato}, Fabio},
	year         = 2017,
	month        = feb,
	journal      = {\mnras},
	volume       = 465,
	number       = 1,
	pages        = {547--558},
	doi          = {10.1093/mnras/stw2627},
	keywords     = {galaxies: evolution, galaxies: star formation, galaxies: stellar content, Astrophysics - Astrophysics of Galaxies, Astrophysics - Cosmology and Nongalactic Astrophysics},
	archiveprefix = {arXiv},
	eprint       = {1607.02507},
	primaryclass = {astro-ph.GA},
	adsurl       = {https://ui.adsabs.harvard.edu/abs/2017MNRAS.465..547P},
	adsnote      = {Provided by the SAO/NASA Astrophysics Data System}
}
@article{2016MNRAS.455..974R,
	title        = {{Genetically modified haloes: towards controlled experiments in {\ensuremath{\Lambda}}CDM galaxy formation}},
	author       = {{Roth}, Nina and {Pontzen}, Andrew and {Peiris}, Hiranya V.},
	year         = 2016,
	month        = jan,
	journal      = {\mnras},
	volume       = 455,
	number       = 1,
	pages        = {974--986},
	doi          = {10.1093/mnras/stv2375},
	keywords     = {galaxies: evolution, galaxies: formation, dark matter, Astrophysics - Astrophysics of Galaxies, Astrophysics - Cosmology and Nongalactic Astrophysics},
	archiveprefix = {arXiv},
	eprint       = {1504.07250},
	primaryclass = {astro-ph.GA},
	adsurl       = {https://ui.adsabs.harvard.edu/abs/2016MNRAS.455..974R},
	adsnote      = {Provided by the SAO/NASA Astrophysics Data System}
}
@article{2023arXiv231215012C,
	title        = {{Two Distinct Classes of Quiescent Galaxies at Cosmic Noon Revealed by JWST PRIMER and UNCOVER}},
	author       = {{Cutler}, Sam E. and {Whitaker}, Katherine E. and {Weaver}, John R. and {Wang}, Bingjie and {Pan}, Richard and {Bezanson}, Rachel and {Furtak}, Lukas J. and {Labbe}, Ivo and {Leja}, Joel and {Price}, Sedona H. and {Cheng}, Yingjie and {Clausen}, Maike and {Cullen}, Fergus and {Dayal}, Pratika and {de Graaff}, Anna and {Dickinson}, Mark and {Dunlop}, James S. and {Feldmann}, Robert and {Franx}, Marijn and {Giavalisco}, Mauro and {Glazebrook}, Karl and {Greene}, Jenny E. and {Grogin}, Norman A. and {Illingworth}, Garth and {Koekemoer}, Anton M. and {Kokorev}, Vasily and {Marchesini}, Danilo and {Maseda}, Michael V. and {Miller}, Tim B. and {Nanayakkara}, Themiya and {Nelson}, Erica J. and {Setton}, David J. and {Shipley}, Heath and {Suess}, Katherine A.},
	year         = 2023,
	month        = dec,
	journal      = {arXiv e-prints},
	pages        = {arXiv:2312.15012},
	doi          = {10.48550/arXiv.2312.15012},
	keywords     = {Astrophysics - Astrophysics of Galaxies},
	eid          = {arXiv:2312.15012},
	archiveprefix = {arXiv},
	eprint       = {2312.15012},
	primaryclass = {astro-ph.GA},
	adsurl       = {https://ui.adsabs.harvard.edu/abs/2023arXiv231215012C},
	adsnote      = {Provided by the SAO/NASA Astrophysics Data System}
}
@article{2023ApJ...953..119P,
	title        = {{Rapid Quenching of Galaxies at Cosmic Noon}},
	author       = {{Park}, Minjung and {Belli}, Sirio and {Conroy}, Charlie and {Tacchella}, Sandro and {Leja}, Joel and {Cutler}, Sam E. and {Johnson}, Benjamin D. and {Nelson}, Erica J. and {Emami}, Razieh},
	year         = 2023,
	month        = aug,
	journal      = {\apj},
	volume       = 953,
	number       = 1,
	pages        = 119,
	doi          = {10.3847/1538-4357/acd54a},
	keywords     = {Galaxy formation, Galaxy evolution, Galaxy quenching, 595, 594, 2040, Astrophysics - Astrophysics of Galaxies},
	eid          = 119,
	archiveprefix = {arXiv},
	eprint       = {2210.03747},
	primaryclass = {astro-ph.GA},
	adsurl       = {https://ui.adsabs.harvard.edu/abs/2023ApJ...953..119P},
	adsnote      = {Provided by the SAO/NASA Astrophysics Data System}
}
@article{2016MNRAS.463..832W,
	title        = {{The evolution of post-starburst galaxies from z=2 to 0.5}},
	author       = {{Wild}, Vivienne and {Almaini}, Omar and {Dunlop}, Jim and {Simpson}, Chris and {Rowlands}, Kate and {Bowler}, Rebecca and {Maltby}, David and {McLure}, Ross},
	year         = 2016,
	month        = nov,
	journal      = {\mnras},
	volume       = 463,
	number       = 1,
	pages        = {832--844},
	doi          = {10.1093/mnras/stw1996},
	keywords     = {galaxies: evolution, galaxies: formation, galaxies: high-redshift, galaxies: luminosity function, mass function, galaxies: stellar content, Astrophysics - Astrophysics of Galaxies},
	archiveprefix = {arXiv},
	eprint       = {1608.00588},
	primaryclass = {astro-ph.GA},
	adsurl       = {https://ui.adsabs.harvard.edu/abs/2016MNRAS.463..832W},
	adsnote      = {Provided by the SAO/NASA Astrophysics Data System}
}
@article{2023arXiv231016085K,
	title        = {{Blowing out the Candle: How to Quench Galaxies at High Redshift -- an Ensemble of Rapid Starbursts, AGN Feedback and Environment}},
	author       = {{Kimmig}, Lucas C. and {Remus}, Rhea-Silvia and {Seidel}, Benjamin and {Valenzuela}, Lucas M. and {Dolag}, Klaus and {Burkert}, Andreas},
	year         = 2023,
	month        = oct,
	journal      = {arXiv e-prints},
	pages        = {arXiv:2310.16085},
	doi          = {10.48550/arXiv.2310.16085},
	keywords     = {Astrophysics - Astrophysics of Galaxies, Astrophysics - Cosmology and Nongalactic Astrophysics},
	eid          = {arXiv:2310.16085},
	archiveprefix = {arXiv},
	eprint       = {2310.16085},
	primaryclass = {astro-ph.GA},
	adsurl       = {https://ui.adsabs.harvard.edu/abs/2023arXiv231016085K},
	adsnote      = {Provided by the SAO/NASA Astrophysics Data System}
}
@article{2013MNRAS.436.3031V,
	title        = {{A model for cosmological simulations of galaxy formation physics}},
	author       = {{Vogelsberger}, Mark and {Genel}, Shy and {Sijacki}, Debora and {Torrey}, Paul and {Springel}, Volker and {Hernquist}, Lars},
	year         = 2013,
	month        = dec,
	journal      = {\mnras},
	volume       = 436,
	number       = 4,
	pages        = {3031--3067},
	doi          = {10.1093/mnras/stt1789},
	keywords     = {methods: numerical, cosmology: theory, Astrophysics - Cosmology and Nongalactic Astrophysics},
	archiveprefix = {arXiv},
	eprint       = {1305.2913},
	primaryclass = {astro-ph.CO},
	adsurl       = {https://ui.adsabs.harvard.edu/abs/2013MNRAS.436.3031V},
	adsnote      = {Provided by the SAO/NASA Astrophysics Data System}
}
@article{2017MNRAS.465.3291W,
	title        = {{Simulating galaxy formation with black hole driven thermal and kinetic feedback}},
	author       = {{Weinberger}, Rainer and {Springel}, Volker and {Hernquist}, Lars and {Pillepich}, Annalisa and {Marinacci}, Federico and {Pakmor}, R{\"u}diger and {Nelson}, Dylan and {Genel}, Shy and {Vogelsberger}, Mark and {Naiman}, Jill and {Torrey}, Paul},
	year         = 2017,
	month        = mar,
	journal      = {\mnras},
	volume       = 465,
	number       = 3,
	pages        = {3291--3308},
	doi          = {10.1093/mnras/stw2944},
	keywords     = {black hole physics, methods: numerical, galaxies: clusters: general, galaxies: evolution, galaxies: formation, cosmology: theory, Astrophysics - Astrophysics of Galaxies},
	archiveprefix = {arXiv},
	eprint       = {1607.03486},
	primaryclass = {astro-ph.GA},
	adsurl       = {https://ui.adsabs.harvard.edu/abs/2017MNRAS.465.3291W},
	adsnote      = {Provided by the SAO/NASA Astrophysics Data System}
}
@article{2018MNRAS.473.4077P,
	title        = {{Simulating galaxy formation with the IllustrisTNG model}},
	author       = {{Pillepich}, Annalisa and {Springel}, Volker and {Nelson}, Dylan and {Genel}, Shy and {Naiman}, Jill and {Pakmor}, R{\"u}diger and {Hernquist}, Lars and {Torrey}, Paul and {Vogelsberger}, Mark and {Weinberger}, Rainer and {Marinacci}, Federico},
	year         = 2018,
	month        = jan,
	journal      = {\mnras},
	volume       = 473,
	number       = 3,
	pages        = {4077--4106},
	doi          = {10.1093/mnras/stx2656},
	keywords     = {methods: numerical, galaxies: evolution, galaxies: formation, Astrophysics - Astrophysics of Galaxies, Astrophysics - Cosmology and Nongalactic Astrophysics},
	archiveprefix = {arXiv},
	eprint       = {1703.02970},
	primaryclass = {astro-ph.GA},
	adsurl       = {https://ui.adsabs.harvard.edu/abs/2018MNRAS.473.4077P},
	adsnote      = {Provided by the SAO/NASA Astrophysics Data System}
}
@article{1997NuPhA.621..467N,
	title        = {{Nucleosynthesis in type Ia supernovae}},
	author       = {{Nomoto}, K. and {Iwamoto}, K. and {Nakasato}, N. and {Thielemann}, F. -K. and {Brachwitz}, F. and {Tsujimoto}, T. and {Kubo}, Y. and {Kishimoto}, N.},
	year         = 1997,
	month        = feb,
	journal      = {\nphysa},
	volume       = 621,
	pages        = {467--476},
	doi          = {10.1016/S0375-9474(97)00291-1},
	keywords     = {Astrophysics},
	archiveprefix = {arXiv},
	eprint       = {astro-ph/9706025},
	primaryclass = {astro-ph},
	adsurl       = {https://ui.adsabs.harvard.edu/abs/1997NuPhA.621..467N},
	adsnote      = {Provided by the SAO/NASA Astrophysics Data System}
}
@article{2006ApJ...653.1145K,
	title        = {{Galactic Chemical Evolution: Carbon through Zinc}},
	author       = {{Kobayashi}, Chiaki and {Umeda}, Hideyuki and {Nomoto}, Ken'ichi and {Tominaga}, Nozomu and {Ohkubo}, Takuya},
	year         = 2006,
	month        = dec,
	journal      = {\apj},
	volume       = 653,
	number       = 2,
	pages        = {1145--1171},
	doi          = {10.1086/508914},
	keywords     = {Galaxies: Abundances, Galaxies: Evolution, Stars: Supernovae: General, Astrophysics},
	archiveprefix = {arXiv},
	eprint       = {astro-ph/0608688},
	primaryclass = {astro-ph},
	adsurl       = {https://ui.adsabs.harvard.edu/abs/2006ApJ...653.1145K},
	adsnote      = {Provided by the SAO/NASA Astrophysics Data System}
}
@article{1998A&A...334..505P,
	title        = {{Galactic chemical enrichment with new metallicity dependent stellar yields}},
	author       = {{Portinari}, L. and {Chiosi}, C. and {Bressan}, A.},
	year         = 1998,
	month        = jun,
	journal      = {\aap},
	volume       = 334,
	pages        = {505--539},
	doi          = {10.48550/arXiv.astro-ph/9711337},
	keywords     = {NUCLEAR REACTIONS, NUCLEOSYNTHESIS, ABUNDANCES, STARS: MASS LOSS, SUPERNOVAE: GENERAL, GALAXY: EVOLUTION, GALAXY: ABUNDANCES, SOLAR NEIGHBOURHOOD, Astrophysics},
	archiveprefix = {arXiv},
	eprint       = {astro-ph/9711337},
	primaryclass = {astro-ph},
	adsurl       = {https://ui.adsabs.harvard.edu/abs/1998A&A...334..505P},
	adsnote      = {Provided by the SAO/NASA Astrophysics Data System}
}
@article{2010MNRAS.403.1413K,
	title        = {{Updated stellar yields from asymptotic giant branch models}},
	author       = {{Karakas}, A.~I.},
	year         = 2010,
	month        = apr,
	journal      = {\mnras},
	volume       = 403,
	number       = 3,
	pages        = {1413--1425},
	doi          = {10.1111/j.1365-2966.2009.16198.x},
	keywords     = {nuclear reactions, nucleosynthesis, abundances, stars: AGB and post-AGB, stars: Population II, ISM: abundances, Astrophysics - Solar and Stellar Astrophysics, Astrophysics - Astrophysics of Galaxies},
	archiveprefix = {arXiv},
	eprint       = {0912.2142},
	primaryclass = {astro-ph.SR},
	adsurl       = {https://ui.adsabs.harvard.edu/abs/2010MNRAS.403.1413K},
	adsnote      = {Provided by the SAO/NASA Astrophysics Data System}
}
@article{2014MNRAS.437..195D,
	title        = {{Super and massive AGB stars - II. Nucleosynthesis and yields - Z = 0.02, 0.008 and 0.004}},
	author       = {{Doherty}, Carolyn L. and {Gil-Pons}, Pilar and {Lau}, Herbert H.~B. and {Lattanzio}, John C. and {Siess}, Lionel},
	year         = 2014,
	month        = jan,
	journal      = {\mnras},
	volume       = 437,
	number       = 1,
	pages        = {195--214},
	doi          = {10.1093/mnras/stt1877},
	keywords     = {nuclear reactions, nucleosynthesis, abundances, stars: AGB and post-AGB, ISM: abundances, Astrophysics - Solar and Stellar Astrophysics},
	archiveprefix = {arXiv},
	eprint       = {1310.2614},
	primaryclass = {astro-ph.SR},
	adsurl       = {https://ui.adsabs.harvard.edu/abs/2014MNRAS.437..195D},
	adsnote      = {Provided by the SAO/NASA Astrophysics Data System}
}
@article{2014ApJ...797...44F,
	title        = {{Evolution and Nucleosynthesis of Asymptotic Giant Branch Stellar Models of Low Metallicity}},
	author       = {{Fishlock}, Cherie K. and {Karakas}, Amanda I. and {Lugaro}, Maria and {Yong}, David},
	year         = 2014,
	month        = dec,
	journal      = {\apj},
	volume       = 797,
	number       = 1,
	pages        = 44,
	doi          = {10.1088/0004-637X/797/1/44},
	keywords     = {nuclear reactions, nucleosynthesis, abundances, stars: abundances, stars: AGB and post-AGB, Astrophysics - Solar and Stellar Astrophysics},
	eid          = 44,
	archiveprefix = {arXiv},
	eprint       = {1410.7457},
	primaryclass = {astro-ph.SR},
	adsurl       = {https://ui.adsabs.harvard.edu/abs/2014ApJ...797...44F},
	adsnote      = {Provided by the SAO/NASA Astrophysics Data System}
}
@article{2003MNRAS.339..289S,
	title        = {{Cosmological smoothed particle hydrodynamics simulations: a hybrid multiphase model for star formation}},
	author       = {{Springel}, Volker and {Hernquist}, Lars},
	year         = 2003,
	month        = feb,
	journal      = {\mnras},
	volume       = 339,
	number       = 2,
	pages        = {289--311},
	doi          = {10.1046/j.1365-8711.2003.06206.x},
	keywords     = {methods: numerical, galaxies: evolution, galaxies: formation, Astrophysics},
	archiveprefix = {arXiv},
	eprint       = {astro-ph/0206393},
	primaryclass = {astro-ph},
	adsurl       = {https://ui.adsabs.harvard.edu/abs/2003MNRAS.339..289S},
	adsnote      = {Provided by the SAO/NASA Astrophysics Data System}
}
@article{1986Natur.324..446B,
	title        = {{A hierarchical O(N log N) force-calculation algorithm}},
	author       = {{Barnes}, Josh and {Hut}, Piet},
	year         = 1986,
	month        = dec,
	journal      = {\nat},
	volume       = 324,
	number       = 6096,
	pages        = {446--449},
	doi          = {10.1038/324446a0},
	keywords     = {Computational Astrophysics, Many Body Problem, Numerical Integration, Stellar Motions, Algorithms, Hierarchies, Physics (General)},
	adsurl       = {https://ui.adsabs.harvard.edu/abs/1986Natur.324..446B},
	adsnote      = {Provided by the SAO/NASA Astrophysics Data System}
}
@article{2010MNRAS.401..791S,
	title        = {{E pur si muove: Galilean-invariant cosmological hydrodynamical simulations on a moving mesh}},
	author       = {{Springel}, Volker},
	year         = 2010,
	month        = jan,
	journal      = {\mnras},
	volume       = 401,
	number       = 2,
	pages        = {791--851},
	doi          = {10.1111/j.1365-2966.2009.15715.x},
	keywords     = {methods: numerical, galaxies: interactions, cosmology: dark matter, Astrophysics - Cosmology and Nongalactic Astrophysics},
	archiveprefix = {arXiv},
	eprint       = {0901.4107},
	primaryclass = {astro-ph.CO},
	adsurl       = {https://ui.adsabs.harvard.edu/abs/2010MNRAS.401..791S},
	adsnote      = {Provided by the SAO/NASA Astrophysics Data System}
}
@article{2016MNRAS.455.1134P,
	title        = {{Improving the convergence properties of the moving-mesh code AREPO}},
	author       = {{Pakmor}, R{\"u}diger and {Springel}, Volker and {Bauer}, Andreas and {Mocz}, Philip and {Munoz}, Diego J. and {Ohlmann}, Sebastian T. and {Schaal}, Kevin and {Zhu}, Chenchong},
	year         = 2016,
	month        = jan,
	journal      = {\mnras},
	volume       = 455,
	number       = 1,
	pages        = {1134--1143},
	doi          = {10.1093/mnras/stv2380},
	keywords     = {hydrodynamics, methods: numerical, galaxy: formation, Astrophysics - Astrophysics of Galaxies, Astrophysics - Cosmology and Nongalactic Astrophysics, Astrophysics - Instrumentation and Methods for Astrophysics},
	archiveprefix = {arXiv},
	eprint       = {1503.00562},
	primaryclass = {astro-ph.GA},
	adsurl       = {https://ui.adsabs.harvard.edu/abs/2016MNRAS.455.1134P},
	adsnote      = {Provided by the SAO/NASA Astrophysics Data System}
}
@article{2019MNRAS.489.4233M,
	title        = {{Simulating the interstellar medium and stellar feedback on a moving mesh: implementation and isolated galaxies}},
	author       = {{Marinacci}, Federico and {Sales}, Laura V. and {Vogelsberger}, Mark and {Torrey}, Paul and {Springel}, Volker},
	year         = 2019,
	month        = nov,
	journal      = {\mnras},
	volume       = 489,
	number       = 3,
	pages        = {4233--4260},
	doi          = {10.1093/mnras/stz2391},
	keywords     = {ISM: general, galaxies: evolution, galaxies: formation, galaxies: ISM, Astrophysics - Astrophysics of Galaxies},
	archiveprefix = {arXiv},
	eprint       = {1905.08806},
	primaryclass = {astro-ph.GA},
	adsurl       = {https://ui.adsabs.harvard.edu/abs/2019MNRAS.489.4233M},
	adsnote      = {Provided by the SAO/NASA Astrophysics Data System}
}
@article{2016ARA&A..54..529B,
	title        = {{The Galaxy in Context: Structural, Kinematic, and Integrated Properties}},
	author       = {{Bland-Hawthorn}, Joss and {Gerhard}, Ortwin},
	year         = 2016,
	month        = sep,
	journal      = {\araa},
	volume       = 54,
	pages        = {529--596},
	doi          = {10.1146/annurev-astro-081915-023441},
	keywords     = {Astrophysics - Astrophysics of Galaxies},
	archiveprefix = {arXiv},
	eprint       = {1602.07702},
	primaryclass = {astro-ph.GA},
	adsurl       = {https://ui.adsabs.harvard.edu/abs/2016ARA&A..54..529B},
	adsnote      = {Provided by the SAO/NASA Astrophysics Data System}
}
@article{2022MNRAS.515.1524Z,
	title        = {{Morphological decomposition of TNG50 galaxies: methodology and catalogue}},
	author       = {{Zana}, Tommaso and {Lupi}, Alessandro and {Bonetti}, Matteo and {Dotti}, Massimo and {Rosas-Guevara}, Yetli and {Izquierdo-Villalba}, David and {Bonoli}, Silvia and {Hernquist}, Lars and {Nelson}, Dylan},
	year         = 2022,
	month        = sep,
	journal      = {\mnras},
	volume       = 515,
	number       = 1,
	pages        = {1524--1543},
	doi          = {10.1093/mnras/stac1708},
	keywords     = {gravitation, methods: numerical, stars: kinematics and dynamics, galaxies: structure, Astrophysics - Astrophysics of Galaxies, Astrophysics - Instrumentation and Methods for Astrophysics},
	archiveprefix = {arXiv},
	eprint       = {2206.04693},
	primaryclass = {astro-ph.GA},
	adsurl       = {https://ui.adsabs.harvard.edu/abs/2022MNRAS.515.1524Z},
	adsnote      = {Provided by the SAO/NASA Astrophysics Data System}
}
@article{2014ApJ...788...28V,
	title        = {{3D-HST+CANDELS: The Evolution of the Galaxy Size-Mass Distribution since z = 3}},
	author       = {{van der Wel}, A. and {Franx}, M. and {van Dokkum}, P.~G. and {Skelton}, R.~E. and {Momcheva}, I.~G. and {Whitaker}, K.~E. and {Brammer}, G.~B. and {Bell}, E.~F. and {Rix}, H. -W. and {Wuyts}, S. and {Ferguson}, H.~C. and {Holden}, B.~P. and {Barro}, G. and {Koekemoer}, A.~M. and {Chang}, Yu-Yen and {McGrath}, E.~J. and {H{\"a}ussler}, B. and {Dekel}, A. and {Behroozi}, P. and {Fumagalli}, M. and {Leja}, J. and {Lundgren}, B.~F. and {Maseda}, M.~V. and {Nelson}, E.~J. and {Wake}, D.~A. and {Patel}, S.~G. and {Labb{\'e}}, I. and {Faber}, S.~M. and {Grogin}, N.~A. and {Kocevski}, D.~D.},
	year         = 2014,
	month        = jun,
	journal      = {\apj},
	volume       = 788,
	number       = 1,
	pages        = 28,
	doi          = {10.1088/0004-637X/788/1/28},
	keywords     = {galaxies: evolution, galaxies: fundamental parameters, galaxies: high-redshift, galaxies: structure, Astrophysics - Astrophysics of Galaxies, Astrophysics - Cosmology and Nongalactic Astrophysics},
	eid          = 28,
	archiveprefix = {arXiv},
	eprint       = {1404.2844},
	primaryclass = {astro-ph.GA},
	adsurl       = {https://ui.adsabs.harvard.edu/abs/2014ApJ...788...28V},
	adsnote      = {Provided by the SAO/NASA Astrophysics Data System}
}
@article{2023arXiv231212207A,
	title        = {{To high redshift and low mass: exploring the emergence of quenched galaxies and their environments at $3<z<6$ in the ultra-deep JADES MIRI F770W parallel}},
	author       = {{Alberts}, Stacey and {Williams}, Christina C. and {Helton}, Jakob M. and {Suess}, Katherine A. and {Ji}, Zhiyuan and {Shivaei}, Irene and {Lyu}, Jianwei and {Rieke}, George and {Baker}, William M. and {Bonaventura}, Nina and {Bunker}, Andrew J. and {Carniani}, Stefano and {Charlot}, Stephane and {Curtis-Lake}, Emma and {D'Eugenio}, Francesco and {Eisenstein}, Daniel J. and {de Graaff}, Anna and {Hainline}, Kevin N. and {Hausen}, Ryan and {Johnson}, Benjamin D. and {Maiolino}, Roberto and {Parlanti}, Eleonora and {Rieke}, Marcia J. and {Robertson}, Brant E. and {Sun}, Yang and {Tacchella}, Sandro and {Willmer}, Christopher N.~A. and {Willott}, Chris J.},
	year         = 2023,
	month        = dec,
	journal      = {arXiv e-prints},
	pages        = {arXiv:2312.12207},
	doi          = {10.48550/arXiv.2312.12207},
	keywords     = {Astrophysics - Astrophysics of Galaxies},
	eid          = {arXiv:2312.12207},
	archiveprefix = {arXiv},
	eprint       = {2312.12207},
	primaryclass = {astro-ph.GA},
	adsurl       = {https://ui.adsabs.harvard.edu/abs/2023arXiv231212207A},
	adsnote      = {Provided by the SAO/NASA Astrophysics Data System}
}
@article{2023arXiv230805795B,
	title        = {{Massive and Multiphase Gas Outflow in a Quenching Galaxy at z=2.445}},
	author       = {{Belli}, Sirio and {Park}, Minjung and {Davies}, Rebecca L. and {Mendel}, J. Trevor and {Johnson}, Benjamin D. and {Conroy}, Charlie and {Benton}, Chlo{\"e} and {Bugiani}, Letizia and {Emami}, Razieh and {Leja}, Joel and {Li}, Yijia and {Maheson}, Gabriel and {Mathews}, Elijah P. and {Naidu}, Rohan P. and {Nelson}, Erica J. and {Tacchella}, Sandro and {Terrazas}, Bryan A. and {Weinberger}, Rainer},
	year         = 2023,
	month        = aug,
	journal      = {arXiv e-prints},
	pages        = {arXiv:2308.05795},
	doi          = {10.48550/arXiv.2308.05795},
	keywords     = {Astrophysics - Astrophysics of Galaxies},
	eid          = {arXiv:2308.05795},
	archiveprefix = {arXiv},
	eprint       = {2308.05795},
	primaryclass = {astro-ph.GA},
	adsurl       = {https://ui.adsabs.harvard.edu/abs/2023arXiv230805795B},
	adsnote      = {Provided by the SAO/NASA Astrophysics Data System}
}
@article{2014ApJ...795...23B,
	title        = {{Stellar Chemical Abundances: In Pursuit of the Highest Achievable Precision}},
	author       = {{Bedell}, Megan and {Mel{\'e}ndez}, Jorge and {Bean}, Jacob L. and {Ram{\'\i}rez}, Ivan and {Leite}, Paulo and {Asplund}, Martin},
	year         = 2014,
	month        = nov,
	journal      = {\apj},
	volume       = 795,
	number       = 1,
	pages        = 23,
	doi          = {10.1088/0004-637X/795/1/23},
	keywords     = {stars: abundances, stars: fundamental parameters, techniques: spectroscopic, Astrophysics - Solar and Stellar Astrophysics, Astrophysics - Earth and Planetary Astrophysics},
	eid          = 23,
	archiveprefix = {arXiv},
	eprint       = {1409.1230},
	primaryclass = {astro-ph.SR},
	adsurl       = {https://ui.adsabs.harvard.edu/abs/2014ApJ...795...23B},
	adsnote      = {Provided by the SAO/NASA Astrophysics Data System}
}
@article{2018MNRAS.474.2580S,
	title        = {{The temporal evolution of neutron-capture elements in the Galactic discs}},
	author       = {{Spina}, Lorenzo and {Mel{\'e}ndez}, Jorge and {Karakas}, Amanda I. and {dos Santos}, Leonardo and {Bedell}, Megan and {Asplund}, Martin and {Ram{\'\i}rez}, Ivan and {Yong}, David and {Alves-Brito}, Alan and {Bean}, Jacob L. and {Dreizler}, Stefan},
	year         = 2018,
	month        = feb,
	journal      = {\mnras},
	volume       = 474,
	number       = 2,
	pages        = {2580--2593},
	doi          = {10.1093/mnras/stx2938},
	keywords     = {stars: abundances, Galaxy: abundances, Galaxy: disc, Galaxy: evolution, Astrophysics - Solar and Stellar Astrophysics, Astrophysics - Astrophysics of Galaxies},
	archiveprefix = {arXiv},
	eprint       = {1711.03643},
	primaryclass = {astro-ph.SR},
	adsurl       = {https://ui.adsabs.harvard.edu/abs/2018MNRAS.474.2580S},
	adsnote      = {Provided by the SAO/NASA Astrophysics Data System}
}
@article{2023A&ARv..31....1A,
	title        = {{Origin of the elements}},
	author       = {{Arcones}, Almudena and {Thielemann}, Friedrich-Karl},
	year         = 2023,
	month        = dec,
	journal      = {\aapr},
	volume       = 31,
	number       = 1,
	pages        = 1,
	doi          = {10.1007/s00159-022-00146-x},
	keywords     = {Element abundance, Big Bang nucleosynthesis, Stellar evolution, Core collapse, Supernovae, Compact binary mergers, Galactic evolution},
	eid          = 1,
	adsurl       = {https://ui.adsabs.harvard.edu/abs/2023A&ARv..31....1A},
	adsnote      = {Provided by the SAO/NASA Astrophysics Data System}
}
@inproceedings{2024IAUS..377..115N,
	title        = {{The Prevalence of the {\ensuremath{\alpha}}-bimodality: First JWST {\ensuremath{\alpha}}-abundance Results in M31}},
	author       = {{Nidever}, David L. and {Gilbert}, Karoline and {Tollerud}, Erik and {Siders}, Charles and {Escala}, Ivanna and {Prieto}, Carlos Allende and {Smith}, Verne and {Cunha}, Katia and {Debattista}, Victor P. and {Ting}, Yuan-Sen and {Kirby}, Evan N.},
	year         = 2024,
	month        = jan,
	booktitle    = {Early Disk-Galaxy Formation from JWST to the Milky Way},
	volume       = 377,
	pages        = {115--122},
	doi          = {10.1017/S1743921323002016},
	keywords     = {galaxies: abundances, galaxies: stellar content, galaxies: structure, galaxies: evolution, Andromeda galaxy, Astrophysics - Astrophysics of Galaxies},
	editor       = {{Tabatabaei}, Fatemeh and {Barbuy}, Beatriz and {Ting}, Yuan-Sen},
	archiveprefix = {arXiv},
	eprint       = {2306.04688},
	primaryclass = {astro-ph.GA},
	adsurl       = {https://ui.adsabs.harvard.edu/abs/2024IAUS..377..115N},
	adsnote      = {Provided by the SAO/NASA Astrophysics Data System}
}
@article{2018MNRAS.478..611B,
	title        = {{Co-formation of the disc and the stellar halo}},
	author       = {{Belokurov}, V. and {Erkal}, D. and {Evans}, N.~W. and {Koposov}, S.~E. and {Deason}, A.~J.},
	year         = 2018,
	month        = jul,
	journal      = {\mnras},
	volume       = 478,
	number       = 1,
	pages        = {611--619},
	doi          = {10.1093/mnras/sty982},
	keywords     = {galaxies: dwarf, Local Group, galaxies: structure, Astrophysics - Astrophysics of Galaxies},
	archiveprefix = {arXiv},
	eprint       = {1802.03414},
	primaryclass = {astro-ph.GA},
	adsurl       = {https://ui.adsabs.harvard.edu/abs/2018MNRAS.478..611B},
	adsnote      = {Provided by the SAO/NASA Astrophysics Data System}
}
@article{2018Natur.563...85H,
	title        = {{The merger that led to the formation of the Milky Way's inner stellar halo and thick disk}},
	author       = {{Helmi}, Amina and {Babusiaux}, Carine and {Koppelman}, Helmer H. and {Massari}, Davide and {Veljanoski}, Jovan and {Brown}, Anthony G.~A.},
	year         = 2018,
	month        = oct,
	journal      = {\nat},
	volume       = 563,
	number       = 7729,
	pages        = {85--88},
	doi          = {10.1038/s41586-018-0625-x},
	keywords     = {Astrophysics - Astrophysics of Galaxies},
	archiveprefix = {arXiv},
	eprint       = {1806.06038},
	primaryclass = {astro-ph.GA},
	adsurl       = {https://ui.adsabs.harvard.edu/abs/2018Natur.563...85H},
	adsnote      = {Provided by the SAO/NASA Astrophysics Data System}
}
@article{2020ApJ...901...48N,
	title        = {{Evidence from the H3 Survey That the Stellar Halo Is Entirely Comprised of Substructure}},
	author       = {{Naidu}, Rohan P. and {Conroy}, Charlie and {Bonaca}, Ana and {Johnson}, Benjamin D. and {Ting}, Yuan-Sen and {Caldwell}, Nelson and {Zaritsky}, Dennis and {Cargile}, Phillip A.},
	year         = 2020,
	month        = sep,
	journal      = {\apj},
	volume       = 901,
	number       = 1,
	pages        = 48,
	doi          = {10.3847/1538-4357/abaef4},
	keywords     = {Galaxy stellar halos, Galaxy kinematics, Milky Way evolution, Galaxy evolution, Galaxy formation, Milky Way formation, Milky Way Galaxy, Milky Way stellar halo, 598, 602, 1052, 594, 595, 1053, 1054, 1060, Astrophysics - Astrophysics of Galaxies},
	eid          = 48,
	archiveprefix = {arXiv},
	eprint       = {2006.08625},
	primaryclass = {astro-ph.GA},
	adsurl       = {https://ui.adsabs.harvard.edu/abs/2020ApJ...901...48N},
	adsnote      = {Provided by the SAO/NASA Astrophysics Data System}
}
@article{2020ApJ...897L..18B,
	title        = {{Timing the Early Assembly of the Milky Way with the H3 Survey}},
	author       = {{Bonaca}, Ana and {Conroy}, Charlie and {Cargile}, Phillip A. and {Naidu}, Rohan P. and {Johnson}, Benjamin D. and {Zaritsky}, Dennis and {Ting}, Yuan-Sen and {Caldwell}, Nelson and {Han}, Jiwon Jesse and {van Dokkum}, Pieter},
	year         = 2020,
	month        = jul,
	journal      = {\apjl},
	volume       = 897,
	number       = 1,
	pages        = {L18},
	doi          = {10.3847/2041-8213/ab9caa},
	keywords     = {Milky Way stellar halo, Milky Way dynamics, Galaxy evolution, Astrometry, Galaxy chemical evolution, Galaxy formation, Spectroscopy, Stellar ages, Milky Way Galaxy, 1060, 1051, 594, 80, 580, 595, 1558, 1581, 1054, Astrophysics - Astrophysics of Galaxies},
	eid          = {L18},
	archiveprefix = {arXiv},
	eprint       = {2004.11384},
	primaryclass = {astro-ph.GA},
	adsurl       = {https://ui.adsabs.harvard.edu/abs/2020ApJ...897L..18B},
	adsnote      = {Provided by the SAO/NASA Astrophysics Data System}
}
@article{2019MNRAS.484.4471F,
	title        = {{The origin of galactic metal-rich stellar halo components with highly eccentric orbits}},
	author       = {{Fattahi}, Azadeh and {Belokurov}, Vasily and {Deason}, Alis J. and {Frenk}, Carlos S. and {G{\'o}mez}, Facundo A. and {Grand}, Robert J.~J. and {Marinacci}, Federico and {Pakmor}, R{\"u}diger and {Springel}, Volker},
	year         = 2019,
	month        = apr,
	journal      = {\mnras},
	volume       = 484,
	number       = 4,
	pages        = {4471--4483},
	doi          = {10.1093/mnras/stz159},
	keywords     = {methods: numerical, obsevational, Galaxy: evolution, Galaxy: halo, Galaxy: kinematics and dynamics, Astrophysics - Astrophysics of Galaxies},
	archiveprefix = {arXiv},
	eprint       = {1810.07779},
	primaryclass = {astro-ph.GA},
	adsurl       = {https://ui.adsabs.harvard.edu/abs/2019MNRAS.484.4471F},
	adsnote      = {Provided by the SAO/NASA Astrophysics Data System}
}
@article{2019MNRAS.487L..47V,
	title        = {{The Fall of a Giant. Chemical evolution of Enceladus, alias the Gaia Sausage}},
	author       = {{Vincenzo}, Fiorenzo and {Spitoni}, Emanuele and {Calura}, Francesco and {Matteucci}, Francesca and {Silva Aguirre}, Victor and {Miglio}, Andrea and {Cescutti}, Gabriele},
	year         = 2019,
	month        = jul,
	journal      = {\mnras},
	volume       = 487,
	number       = 1,
	pages        = {L47-L52},
	doi          = {10.1093/mnrasl/slz070},
	keywords     = {stars: abundances, Galaxy: abundances, Galaxy: evolution, Galaxy: formation, galaxies: individual: Enceladus, galaxies: individual: Gaia Sausage, Astrophysics - Astrophysics of Galaxies},
	archiveprefix = {arXiv},
	eprint       = {1903.03465},
	primaryclass = {astro-ph.GA},
	adsurl       = {https://ui.adsabs.harvard.edu/abs/2019MNRAS.487L..47V},
	adsnote      = {Provided by the SAO/NASA Astrophysics Data System}
}
@article{2019MNRAS.488.1235M,
	title        = {{Evidence for two early accretion events that built the Milky Way stellar halo}},
	author       = {{Myeong}, G.~C. and {Vasiliev}, E. and {Iorio}, G. and {Evans}, N.~W. and {Belokurov}, V.},
	year         = 2019,
	month        = sep,
	journal      = {\mnras},
	volume       = 488,
	number       = 1,
	pages        = {1235--1247},
	doi          = {10.1093/mnras/stz1770},
	keywords     = {Galaxy: formation, Galaxy: halo, Galaxy: kinematics and dynamics, Galaxy: stellar content, Astrophysics - Astrophysics of Galaxies, Astrophysics - Solar and Stellar Astrophysics},
	archiveprefix = {arXiv},
	eprint       = {1904.03185},
	primaryclass = {astro-ph.GA},
	adsurl       = {https://ui.adsabs.harvard.edu/abs/2019MNRAS.488.1235M},
	adsnote      = {Provided by the SAO/NASA Astrophysics Data System}
}
@article{2020MNRAS.493.5195D,
	title        = {{Ages and kinematics of chemically selected, accreted Milky Way halo stars}},
	author       = {{Das}, Payel and {Hawkins}, Keith and {Jofr{\'e}}, Paula},
	year         = 2020,
	month        = apr,
	journal      = {\mnras},
	volume       = 493,
	number       = 4,
	pages        = {5195--5207},
	doi          = {10.1093/mnras/stz3537},
	keywords     = {Galaxy: abundances, Galaxy: evolution, Galaxy: halo, Galaxy: kinematics and dynamics, Astrophysics - Astrophysics of Galaxies},
	archiveprefix = {arXiv},
	eprint       = {1903.09320},
	primaryclass = {astro-ph.GA},
	adsurl       = {https://ui.adsabs.harvard.edu/abs/2020MNRAS.493.5195D},
	adsnote      = {Provided by the SAO/NASA Astrophysics Data System}
}
@article{2020MNRAS.497..109F,
	title        = {{The SkyMapper-Gaia RVS view of the Gaia-Enceladus-Sausage - an investigation of the metallicity and mass of the Milky Way's last major merger}},
	author       = {{Feuillet}, Diane K. and {Feltzing}, Sofia and {Sahlholdt}, Christian L. and {Casagrande}, Luca},
	year         = 2020,
	month        = sep,
	journal      = {\mnras},
	volume       = 497,
	number       = 1,
	pages        = {109--124},
	doi          = {10.1093/mnras/staa1888},
	keywords     = {Galaxy: halo, galaxies: abundances, galaxies: formation, galaxies: kinematics and dynamics, galaxies: stellar content, Astrophysics - Astrophysics of Galaxies},
	archiveprefix = {arXiv},
	eprint       = {2003.11039},
	primaryclass = {astro-ph.GA},
	adsurl       = {https://ui.adsabs.harvard.edu/abs/2020MNRAS.497..109F},
	adsnote      = {Provided by the SAO/NASA Astrophysics Data System}
}
@article{2019MNRAS.482.3426M,
	title        = {{The origin of accreted stellar halo populations in the Milky Way using APOGEE, Gaia, and the EAGLE simulations}},
	author       = {{Mackereth}, J. Ted and {Schiavon}, Ricardo P. and {Pfeffer}, Joel and {Hayes}, Christian R. and {Bovy}, Jo and {Anguiano}, Borja and {Allende Prieto}, Carlos and {Hasselquist}, Sten and {Holtzman}, Jon and {Johnson}, Jennifer A. and {Majewski}, Steven R. and {O'Connell}, Robert and {Shetrone}, Matthew and {Tissera}, Patricia B. and {Fern{\'a}ndez-Trincado}, J.~G.},
	year         = 2019,
	month        = jan,
	journal      = {\mnras},
	volume       = 482,
	number       = 3,
	pages        = {3426--3442},
	doi          = {10.1093/mnras/sty2955},
	keywords     = {Galaxy: abundances, Galaxy: formation, Galaxy: halo, Galaxy: kinematics and dynamics, Galaxy: stellar content, Astrophysics - Astrophysics of Galaxies},
	archiveprefix = {arXiv},
	eprint       = {1808.00968},
	primaryclass = {astro-ph.GA},
	adsurl       = {https://ui.adsabs.harvard.edu/abs/2019MNRAS.482.3426M},
	adsnote      = {Provided by the SAO/NASA Astrophysics Data System}
}
@article{2020MNRAS.492.3631M,
	title        = {{Weighing the stellar constituents of the galactic halo with APOGEE red giant stars}},
	author       = {{Mackereth}, J. Ted and {Bovy}, Jo},
	year         = 2020,
	month        = mar,
	journal      = {\mnras},
	volume       = 492,
	number       = 3,
	pages        = {3631--3646},
	doi          = {10.1093/mnras/staa047},
	keywords     = {Galaxy: fundamental parameters, Galaxy: halo, Galaxy: kinematics and dynamics, Galaxy: stellar content, Galaxy: structure, Astrophysics - Astrophysics of Galaxies},
	archiveprefix = {arXiv},
	eprint       = {1910.03590},
	primaryclass = {astro-ph.GA},
	adsurl       = {https://ui.adsabs.harvard.edu/abs/2020MNRAS.492.3631M},
	adsnote      = {Provided by the SAO/NASA Astrophysics Data System}
}
@article{2022AJ....164..249H,
	title        = {{The Stellar Halo of the Galaxy is Tilted and Doubly Broken}},
	author       = {{Han}, Jiwon Jesse and {Conroy}, Charlie and {Johnson}, Benjamin D. and {Speagle}, Joshua S. and {Bonaca}, Ana and {Chandra}, Vedant and {Naidu}, Rohan P. and {Ting}, Yuan-Sen and {Woody}, Turner and {Zaritsky}, Dennis},
	year         = 2022,
	month        = dec,
	journal      = {\aj},
	volume       = 164,
	number       = 6,
	pages        = 249,
	doi          = {10.3847/1538-3881/ac97e9},
	keywords     = {Milky Way stellar halo, Milky Way dark matter halo, Galaxy dark matter halos, Milky Way Galaxy physics, 1060, 1049, 1880, 1056, Astrophysics - Astrophysics of Galaxies},
	eid          = 249,
	archiveprefix = {arXiv},
	eprint       = {2208.04327},
	primaryclass = {astro-ph.GA},
	adsurl       = {https://ui.adsabs.harvard.edu/abs/2022AJ....164..249H},
	adsnote      = {Provided by the SAO/NASA Astrophysics Data System}
}
@article{2023MNRAS.526.1209L,
	title        = {{The stellar mass of the Gaia-Sausage/Enceladus accretion remnant}},
	author       = {{Lane}, James M.~M. and {Bovy}, Jo and {Mackereth}, J. Ted},
	year         = 2023,
	month        = nov,
	journal      = {\mnras},
	volume       = 526,
	number       = 1,
	pages        = {1209--1234},
	doi          = {10.1093/mnras/stad2834},
	keywords     = {Galaxy: halo, Galaxy: kinematics and dynamics, Galaxy: stellar content, Galaxy: structure, Astrophysics - Astrophysics of Galaxies},
	archiveprefix = {arXiv},
	eprint       = {2306.03084},
	primaryclass = {astro-ph.GA},
	adsurl       = {https://ui.adsabs.harvard.edu/abs/2023MNRAS.526.1209L},
	adsnote      = {Provided by the SAO/NASA Astrophysics Data System}
}
@article{2005ApJ...635..931B,
	title        = {{Tracing Galaxy Formation with Stellar Halos. I. Methods}},
	author       = {{Bullock}, James S. and {Johnston}, Kathryn V.},
	year         = 2005,
	month        = dec,
	journal      = {\apj},
	volume       = 635,
	number       = 2,
	pages        = {931--949},
	doi          = {10.1086/497422},
	keywords     = {Cosmology: Dark Matter, Galaxies: Dwarf, Galaxies: Evolution, Galaxies: Formation, Galaxies: Halos, Galaxies: Kinematics and Dynamics, Galaxy: Evolution, Galaxy: Formation, Galaxy: Halo, Galaxy: Kinematics and Dynamics, Galaxies: Local Group, Astrophysics},
	archiveprefix = {arXiv},
	eprint       = {astro-ph/0506467},
	primaryclass = {astro-ph},
	adsurl       = {https://ui.adsabs.harvard.edu/abs/2005ApJ...635..931B},
	adsnote      = {Provided by the SAO/NASA Astrophysics Data System}
}
@article{2024ApJ...961L..41J,
	title        = {{Spectacular Nucleosynthesis from Early Massive Stars}},
	author       = {{Ji}, Alexander P. and {Curtis}, Sanjana and {Storm}, Nicholas and {Chandra}, Vedant and {Schlaufman}, Kevin C. and {Stassun}, Keivan G. and {Heger}, Alexander and {Pignatari}, Marco and {Price-Whelan}, Adrian M. and {Bergemann}, Maria and {Stringfellow}, Guy S. and {Fr{\"o}hlich}, Carla and {Reggiani}, Henrique and {Holmbeck}, Erika M. and {Tayar}, Jamie and {Shah}, Shivani P. and {Griffith}, Emily J. and {Laporte}, Chervin F.~P. and {Casey}, Andrew R. and {Hawkins}, Keith and {Horta}, Danny and {Cerny}, William and {Thibodeaux}, Pierre and {Usman}, Sam A. and {Amarante}, Jo{\~a}o A.~S. and {Beaton}, Rachael L. and {Cargile}, Phillip A. and {Chiappini}, Cristina and {Conroy}, Charlie and {Johnson}, Jennifer A. and {Kollmeier}, Juna A. and {Li}, Haining and {Loebman}, Sarah and {Meynet}, Georges and {Bizyaev}, Dmitry and {Brownstein}, Joel R. and {Gupta}, Pramod and {Morrison}, Sean and {Pan}, Kaike and {Ramirez}, Solange V. and {Rix}, Hans-Walter and {S{\'a}nchez-Gallego}, Jos{\'e}},
	year         = 2024,
	month        = feb,
	journal      = {\apjl},
	volume       = 961,
	number       = 2,
	pages        = {L41},
	doi          = {10.3847/2041-8213/ad19c4},
	keywords     = {Core-collapse supernovae, Nucleosynthesis, Nuclear astrophysics, Population II stars, Population III stars, Galactic archaeology, Stellar abundances, Hypernovae, Chemically peculiar stars, 304, 1131, 1129, 1284, 1285, 2178, 1577, 775, 226, Astrophysics - Solar and Stellar Astrophysics, Astrophysics - Astrophysics of Galaxies, Astrophysics - High Energy Astrophysical Phenomena},
	eid          = {L41},
	archiveprefix = {arXiv},
	eprint       = {2401.02484},
	primaryclass = {astro-ph.SR},
	adsurl       = {https://ui.adsabs.harvard.edu/abs/2024ApJ...961L..41J},
	adsnote      = {Provided by the SAO/NASA Astrophysics Data System}
}
@article{2015ApJ...808..132H,
	title        = {{Chemical Cartography with APOGEE: Metallicity Distribution Functions and the Chemical Structure of the Milky Way Disk}},
	author       = {{Hayden}, Michael R. and {Bovy}, Jo and {Holtzman}, Jon A. and {Nidever}, David L. and {Bird}, Jonathan C. and {Weinberg}, David H. and {Andrews}, Brett H. and {Majewski}, Steven R. and {Allende Prieto}, Carlos and {Anders}, Friedrich and {Beers}, Timothy C. and {Bizyaev}, Dmitry and {Chiappini}, Cristina and {Cunha}, Katia and {Frinchaboy}, Peter and {Garc{\'\i}a-Her{\'n}andez}, D.~A. and {Garc{\'\i}a P{\'e}rez}, Ana E. and {Girardi}, L{\'e}o and {Harding}, Paul and {Hearty}, Fred R. and {Johnson}, Jennifer A. and {M{\'e}sz{\'a}ros}, Szabolcs and {Minchev}, Ivan and {O'Connell}, Robert and {Pan}, Kaike and {Robin}, Annie C. and {Schiavon}, Ricardo P. and {Schneider}, Donald P. and {Schultheis}, Mathias and {Shetrone}, Matthew and {Skrutskie}, Michael and {Steinmetz}, Matthias and {Smith}, Verne and {Wilson}, John C. and {Zamora}, Olga and {Zasowski}, Gail},
	year         = 2015,
	month        = aug,
	journal      = {\apj},
	volume       = 808,
	number       = 2,
	pages        = 132,
	doi          = {10.1088/0004-637X/808/2/132},
	keywords     = {Galaxy: abundances, Galaxy: disk, Galaxy: evolution, Galaxy: stellar content, Galaxy: structure, Astrophysics - Astrophysics of Galaxies},
	eid          = 132,
	archiveprefix = {arXiv},
	eprint       = {1503.02110},
	primaryclass = {astro-ph.GA},
	adsurl       = {https://ui.adsabs.harvard.edu/abs/2015ApJ...808..132H},
	adsnote      = {Provided by the SAO/NASA Astrophysics Data System}
}
@article{2005Natur.435..629S,
	title        = {{Simulations of the formation, evolution and clustering of galaxies and quasars}},
	author       = {{Springel}, Volker and {White}, Simon D.~M. and {Jenkins}, Adrian and {Frenk}, Carlos S. and {Yoshida}, Naoki and {Gao}, Liang and {Navarro}, Julio and {Thacker}, Robert and {Croton}, Darren and {Helly}, John and {Peacock}, John A. and {Cole}, Shaun and {Thomas}, Peter and {Couchman}, Hugh and {Evrard}, August and {Colberg}, J{\"o}rg and {Pearce}, Frazer},
	year         = 2005,
	month        = jun,
	journal      = {\nat},
	volume       = 435,
	number       = 7042,
	pages        = {629--636},
	doi          = {10.1038/nature03597},
	keywords     = {Astrophysics},
	archiveprefix = {arXiv},
	eprint       = {astro-ph/0504097},
	primaryclass = {astro-ph},
	adsurl       = {https://ui.adsabs.harvard.edu/abs/2005Natur.435..629S},
	adsnote      = {Provided by the SAO/NASA Astrophysics Data System}
}
@article{2009MNRAS.399..497D,
	title        = {{Substructures in hydrodynamical cluster simulations}},
	author       = {{Dolag}, K. and {Borgani}, S. and {Murante}, G. and {Springel}, V.},
	year         = 2009,
	month        = oct,
	journal      = {\mnras},
	volume       = 399,
	number       = 2,
	pages        = {497--514},
	doi          = {10.1111/j.1365-2966.2009.15034.x},
	keywords     = {hydrodynamics, methods: numerical, galaxies: clusters: general, galaxies: evolution, cosmology: theory, Astrophysics},
	archiveprefix = {arXiv},
	eprint       = {0808.3401},
	primaryclass = {astro-ph},
	adsurl       = {https://ui.adsabs.harvard.edu/abs/2009MNRAS.399..497D},
	adsnote      = {Provided by the SAO/NASA Astrophysics Data System}
}
@article{2013ApJ...771L..35V,
	title        = {{The Assembly of Milky-Way-like Galaxies Since z \raisebox{-0.5ex}\textasciitilde 2.5}},
	author       = {{van Dokkum}, Pieter G. and {Leja}, Joel and {Nelson}, Erica June and {Patel}, Shannon and {Skelton}, Rosalind E. and {Momcheva}, Ivelina and {Brammer}, Gabriel and {Whitaker}, Katherine E. and {Lundgren}, Britt and {Fumagalli}, Mattia and {Conroy}, Charlie and {F{\"o}rster Schreiber}, Natascha and {Franx}, Marijn and {Kriek}, Mariska and {Labb{\'e}}, Ivo and {Marchesini}, Danilo and {Rix}, Hans-Walter and {van der Wel}, Arjen and {Wuyts}, Stijn},
	year         = 2013,
	month        = jul,
	journal      = {\apjl},
	volume       = 771,
	number       = 2,
	pages        = {L35},
	doi          = {10.1088/2041-8205/771/2/L35},
	keywords     = {cosmology: observations, galaxies: evolution, Galaxy: formation, Galaxy: structure, Astrophysics - Cosmology and Nongalactic Astrophysics},
	eid          = {L35},
	archiveprefix = {arXiv},
	eprint       = {1304.2391},
	primaryclass = {astro-ph.CO},
	adsurl       = {https://ui.adsabs.harvard.edu/abs/2013ApJ...771L..35V},
	adsnote      = {Provided by the SAO/NASA Astrophysics Data System}
}
@article{2021MNRAS.503.5868R,
	title        = {{VINTERGATAN III: how to reset the metallicity of the Milky Way}},
	author       = {{Renaud}, Florent and {Agertz}, Oscar and {Andersson}, Eric P. and {Read}, Justin I. and {Ryde}, Nils and {Bensby}, Thomas and {Rey}, Martin P. and {Feuillet}, Diane K.},
	year         = 2021,
	month        = jun,
	journal      = {\mnras},
	volume       = 503,
	number       = 4,
	pages        = {5868--5876},
	doi          = {10.1093/mnras/stab543},
	keywords     = {methods: numerical, Galaxy: abundances, Galaxy: formation, galaxies: interactions, Astrophysics - Astrophysics of Galaxies},
	archiveprefix = {arXiv},
	eprint       = {2006.06012},
	primaryclass = {astro-ph.GA},
	adsurl       = {https://ui.adsabs.harvard.edu/abs/2021MNRAS.503.5868R},
	adsnote      = {Provided by the SAO/NASA Astrophysics Data System}
}
@article{2021MNRAS.501.5176K,
	title        = {{Bimodality of [{\ensuremath{\alpha}} Fe]-[Fe/H] distributions is a natural outcome of dissipative collapse and disc growth in Milky Way-type galaxies}},
	author       = {{Khoperskov}, Sergey and {Haywood}, Misha and {Snaith}, Owain and {Di Matteo}, Paola and {Lehnert}, Matthew and {Vasiliev}, Evgenii and {Naroenkov}, Sergey and {Berczik}, Peter},
	year         = 2021,
	month        = mar,
	journal      = {\mnras},
	volume       = 501,
	number       = 4,
	pages        = {5176--5196},
	doi          = {10.1093/mnras/staa3996},
	keywords     = {Galaxy: abundances, Galaxy: disc, Galaxy: evolution, Galaxy: formation, galaxies: evolution, galaxies: formation, Astrophysics - Astrophysics of Galaxies},
	archiveprefix = {arXiv},
	eprint       = {2006.10195},
	primaryclass = {astro-ph.GA},
	adsurl       = {https://ui.adsabs.harvard.edu/abs/2021MNRAS.501.5176K},
	adsnote      = {Provided by the SAO/NASA Astrophysics Data System}
}
@article{2017MNRAS.467..179G,
	title        = {{The Auriga Project: the properties and formation mechanisms of disc galaxies across cosmic time}},
	author       = {{Grand}, Robert J.~J. and {G{\'o}mez}, Facundo A. and {Marinacci}, Federico and {Pakmor}, R{\"u}diger and {Springel}, Volker and {Campbell}, David J.~R. and {Frenk}, Carlos S. and {Jenkins}, Adrian and {White}, Simon D.~M.},
	year         = 2017,
	month        = may,
	journal      = {\mnras},
	volume       = 467,
	number       = 1,
	pages        = {179--207},
	doi          = {10.1093/mnras/stx071},
	keywords     = {galaxies: evolution, galaxies: kinematics and dynamics, galaxies: spiral, galaxies: structure, Astrophysics - Astrophysics of Galaxies, Astrophysics - Cosmology and Nongalactic Astrophysics},
	archiveprefix = {arXiv},
	eprint       = {1610.01159},
	primaryclass = {astro-ph.GA},
	adsurl       = {https://ui.adsabs.harvard.edu/abs/2017MNRAS.467..179G},
	adsnote      = {Provided by the SAO/NASA Astrophysics Data System}
}
@article{2019MNRAS.490.3234N,
	title        = {{First results from the TNG50 simulation: galactic outflows driven by supernovae and black hole feedback}},
	author       = {{Nelson}, Dylan and {Pillepich}, Annalisa and {Springel}, Volker and {Pakmor}, R{\"u}diger and {Weinberger}, Rainer and {Genel}, Shy and {Torrey}, Paul and {Vogelsberger}, Mark and {Marinacci}, Federico and {Hernquist}, Lars},
	year         = 2019,
	month        = dec,
	journal      = {\mnras},
	volume       = 490,
	number       = 3,
	pages        = {3234--3261},
	doi          = {10.1093/mnras/stz2306},
	keywords     = {galaxies: evolution, galaxies: formation, Astrophysics - Astrophysics of Galaxies, Astrophysics - Cosmology and Nongalactic Astrophysics, Astrophysics - High Energy Astrophysical Phenomena},
	archiveprefix = {arXiv},
	eprint       = {1902.05554},
	primaryclass = {astro-ph.GA},
	adsurl       = {https://ui.adsabs.harvard.edu/abs/2019MNRAS.490.3234N},
	adsnote      = {Provided by the SAO/NASA Astrophysics Data System}
}
@article{2019MNRAS.490.3196P,
	title        = {{First results from the TNG50 simulation: the evolution of stellar and gaseous discs across cosmic time}},
	author       = {{Pillepich}, Annalisa and {Nelson}, Dylan and {Springel}, Volker and {Pakmor}, R{\"u}diger and {Torrey}, Paul and {Weinberger}, Rainer and {Vogelsberger}, Mark and {Marinacci}, Federico and {Genel}, Shy and {van der Wel}, Arjen and {Hernquist}, Lars},
	year         = 2019,
	month        = dec,
	journal      = {\mnras},
	volume       = 490,
	number       = 3,
	pages        = {3196--3233},
	doi          = {10.1093/mnras/stz2338},
	keywords     = {methods: numerical, galaxies: evolution, galaxies: formation, galaxies: kinematics and dynamics, galaxies: star formation, galaxies: structure, Astrophysics - Astrophysics of Galaxies, Astrophysics - Cosmology and Nongalactic Astrophysics},
	archiveprefix = {arXiv},
	eprint       = {1902.05553},
	primaryclass = {astro-ph.GA},
	adsurl       = {https://ui.adsabs.harvard.edu/abs/2019MNRAS.490.3196P},
	adsnote      = {Provided by the SAO/NASA Astrophysics Data System}
}
@article{2024arXiv240417945P,
	title        = {{Widespread rapid quenching at cosmic noon revealed by JWST deep spectroscopy}},
	author       = {{Park}, Minjung and {Belli}, Sirio and {Conroy}, Charlie and {Johnson}, Benjamin D. and {Davies}, Rebecca L. and {Leja}, Joel and {Tacchella}, Sandro and {Mendel}, J. Trevor and {Benton}, Chlo{\"e} and {Bugiani}, Letizia and {Emami}, Razieh and {Khoram}, Amirhossein and {Li}, Yijia and {Maheson}, Gabriel and {Mathews}, Elijah P. and {Naidu}, Rohan P. and {Nelson}, Erica J. and {Terrazas}, Bryan A. and {Weinberger}, Rainer},
	year         = 2024,
	month        = apr,
	journal      = {arXiv e-prints},
	pages        = {arXiv:2404.17945},
	doi          = {10.48550/arXiv.2404.17945},
	keywords     = {Astrophysics - Astrophysics of Galaxies},
	eid          = {arXiv:2404.17945},
	archiveprefix = {arXiv},
	eprint       = {2404.17945},
	primaryclass = {astro-ph.GA},
	adsurl       = {https://ui.adsabs.harvard.edu/abs/2024arXiv240417945P},
	adsnote      = {Provided by the SAO/NASA Astrophysics Data System}
}
@article{2013ApJ...777...18M,
	title        = {{The Evolution of the Stellar Mass Functions of Star-forming and Quiescent Galaxies to z = 4 from the COSMOS/UltraVISTA Survey}},
	author       = {{Muzzin}, Adam and {Marchesini}, Danilo and {Stefanon}, Mauro and {Franx}, Marijn and {McCracken}, Henry J. and {Milvang-Jensen}, Bo and {Dunlop}, James S. and {Fynbo}, J.~P.~U. and {Brammer}, Gabriel and {Labb{\'e}}, Ivo and {van Dokkum}, Pieter G.},
	year         = 2013,
	month        = nov,
	journal      = {\apj},
	volume       = 777,
	number       = 1,
	pages        = 18,
	doi          = {10.1088/0004-637X/777/1/18},
	keywords     = {galaxies: evolution, galaxies: fundamental parameters, galaxies: high-redshift, galaxies: luminosity function, mass function, Astrophysics - Cosmology and Nongalactic Astrophysics},
	eid          = 18,
	archiveprefix = {arXiv},
	eprint       = {1303.4409},
	primaryclass = {astro-ph.CO},
	adsurl       = {https://ui.adsabs.harvard.edu/abs/2013ApJ...777...18M},
	adsnote      = {Provided by the SAO/NASA Astrophysics Data System}
}
@article{2024arXiv240511025S,
	title        = {{(Re)mind the gap: a hiatus in star formation history unveiled by APOGEE DR17}},
	author       = {{Spitoni}, E. and {Matteucci}, F. and {Gratton}, R. and {Ratcliffe}, B. and {Minchev}, I. and {Cescutti}, G.},
	year         = 2024,
	month        = may,
	journal      = {arXiv e-prints},
	pages        = {arXiv:2405.11025},
	doi          = {10.48550/arXiv.2405.11025},
	keywords     = {Astrophysics - Astrophysics of Galaxies},
	eid          = {arXiv:2405.11025},
	archiveprefix = {arXiv},
	eprint       = {2405.11025},
	primaryclass = {astro-ph.GA},
	adsurl       = {https://ui.adsabs.harvard.edu/abs/2024arXiv240511025S},
	adsnote      = {Provided by the SAO/NASA Astrophysics Data System}
}
@article{2024arXiv240518685M,
	title        = {{Low-Mass Galaxy Interactions Trigger Black Hole Activity}},
	author       = {{Mi{\'c}i{\'c}}, Marko and {Irwin}, Jimmy A. and {Nair}, Preethi and {Wells}, Brenna N. and {Holmes}, Olivia J. and {Eames}, Jackson T.},
	year         = 2024,
	month        = may,
	journal      = {arXiv e-prints},
	pages        = {arXiv:2405.18685},
	keywords     = {Astrophysics - Astrophysics of Galaxies, Astrophysics - Cosmology and Nongalactic Astrophysics},
	eid          = {arXiv:2405.18685},
	archiveprefix = {arXiv},
	eprint       = {2405.18685},
	primaryclass = {astro-ph.GA},
	adsurl       = {https://ui.adsabs.harvard.edu/abs/2024arXiv240518685M},
	adsnote      = {Provided by the SAO/NASA Astrophysics Data System}
}
@article{2000A&A...358..671G,
	title        = {{Abundances of light elements in metal-poor stars. IV. [Fe/O] and [Fe/Mg] ratios and the history of star formation in the solar neighborhood}},
	author       = {{Gratton}, R.~G. and {Carretta}, E. and {Matteucci}, F. and {Sneden}, C.},
	year         = 2000,
	month        = jun,
	journal      = {\aap},
	volume       = 358,
	pages        = {671--681},
	doi          = {10.48550/arXiv.astro-ph/0004157},
	keywords     = {STARS: ABUNDANCES, NUCLEAR REACTIONS, NUCLEOSYNTHESIS, ABUNDANCES, GALAXY: EVOLUTION, Astrophysics},
	archiveprefix = {arXiv},
	eprint       = {astro-ph/0004157},
	primaryclass = {astro-ph},
	adsurl       = {https://ui.adsabs.harvard.edu/abs/2000A&A...358..671G},
	adsnote      = {Provided by the SAO/NASA Astrophysics Data System}
}
@article{2015A&A...578A..87S,
	title        = {{Reconstructing the star formation history of the Milky Way disc(s) from chemical abundances}},
	author       = {{Snaith}, O. and {Haywood}, M. and {Di Matteo}, P. and {Lehnert}, M.~D. and {Combes}, F. and {Katz}, D. and {G{\'o}mez}, A.},
	year         = 2015,
	month        = jun,
	journal      = {\aap},
	volume       = 578,
	pages        = {A87},
	doi          = {10.1051/0004-6361/201424281},
	keywords     = {Galaxy: disk, Galaxy: evolution, Galaxy: formation, Galaxy: structure, solar neighborhood, Astrophysics - Astrophysics of Galaxies},
	eid          = {A87},
	archiveprefix = {arXiv},
	eprint       = {1410.3829},
	primaryclass = {astro-ph.GA},
	adsurl       = {https://ui.adsabs.harvard.edu/abs/2015A&A...578A..87S},
	adsnote      = {Provided by the SAO/NASA Astrophysics Data System}
}
@article{2020A&A...640A..81N,
	title        = {{High-precision abundances of elements in solar-type stars. Evidence of two distinct sequences in abundance-age relations}},
	author       = {{Nissen}, P.~E. and {Christensen-Dalsgaard}, J. and {Mosumgaard}, J.~R. and {Silva Aguirre}, V. and {Spitoni}, E. and {Verma}, K.},
	year         = 2020,
	month        = aug,
	journal      = {\aap},
	volume       = 640,
	pages        = {A81},
	doi          = {10.1051/0004-6361/202038300},
	keywords     = {stars: solar-type, stars: fundamental parameters, stars: abundances, Galaxy: disk, Galaxy: evolution, Astrophysics - Solar and Stellar Astrophysics, Astrophysics - Astrophysics of Galaxies},
	eid          = {A81},
	archiveprefix = {arXiv},
	eprint       = {2006.06013},
	primaryclass = {astro-ph.SR},
	adsurl       = {https://ui.adsabs.harvard.edu/abs/2020A&A...640A..81N},
	adsnote      = {Provided by the SAO/NASA Astrophysics Data System}
}
@article{2022MNRAS.511.3751H,
	title        = {{Co-evolution of massive black holes and their host galaxies at high redshift: discrepancies from six cosmological simulations and the key role of JWST}},
	author       = {{Habouzit}, M{\'e}lanie and {Onoue}, Masafusa and {Ba{\~n}ados}, Eduardo and {Neeleman}, Marcel and {Angl{\'e}s-Alc{\'a}zar}, Daniel and {Walter}, Fabian and {Pillepich}, Annalisa and {Dav{\'e}}, Romeel and {Jahnke}, Knud and {Dubois}, Yohan},
	year         = 2022,
	month        = apr,
	journal      = {\mnras},
	volume       = 511,
	number       = 3,
	pages        = {3751--3767},
	doi          = {10.1093/mnras/stac225},
	keywords     = {black hole physics, methods: numerical, galaxies: evolution, galaxies: formation, Astrophysics - Cosmology and Nongalactic Astrophysics, Astrophysics - Astrophysics of Galaxies},
	archiveprefix = {arXiv},
	eprint       = {2201.09892},
	primaryclass = {astro-ph.CO},
	adsurl       = {https://ui.adsabs.harvard.edu/abs/2022MNRAS.511.3751H},
	adsnote      = {Provided by the SAO/NASA Astrophysics Data System}
}
@article{2023arXiv230806317D,
	title        = {{A fast-rotator post-starburst galaxy quenched by supermassive black-hole feedback at z=3}},
	author       = {{D'Eugenio}, Francesco and {Perez-Gonzalez}, Pablo and {Maiolino}, Roberto and {Scholtz}, Jan and {Perna}, Michele and {Circosta}, Chiara and {Uebler}, Hannah and {Arribas}, Santiago and {Boeker}, Torsten and {Bunker}, Andrew and {Carniani}, Stefano and {Charlot}, Stephane and {Chevallard}, Jacopo and {Cresci}, Giovanni and {Curtis-Lake}, Emma and {Jones}, Gareth and {Kumari}, Nimisha and {Lamperti}, Isabella and {Looser}, Tobias and {Parlanti}, Eleonora and {Rix}, Hans-Walter and {Robertson}, Brant and {Rodriguez Del Pino}, Bruno and {Tacchella}, Sandro and {Venturi}, Giacomo and {Willott}, Chris},
	year         = 2023,
	month        = aug,
	journal      = {arXiv e-prints},
	pages        = {arXiv:2308.06317},
	doi          = {10.48550/arXiv.2308.06317},
	keywords     = {Astrophysics - Astrophysics of Galaxies},
	eid          = {arXiv:2308.06317},
	archiveprefix = {arXiv},
	eprint       = {2308.06317},
	primaryclass = {astro-ph.GA},
	adsurl       = {https://ui.adsabs.harvard.edu/abs/2023arXiv230806317D},
	adsnote      = {Provided by the SAO/NASA Astrophysics Data System}
}
@article{2024Natur.630...54B,
	title        = {{Star formation shut down by multiphase gas outflow in a galaxy at a redshift of 2.45}},
	author       = {{Belli}, Sirio and {Park}, Minjung and {Davies}, Rebecca L. and {Mendel}, J. Trevor and {Johnson}, Benjamin D. and {Conroy}, Charlie and {Benton}, Chlo{\"e} and {Bugiani}, Letizia and {Emami}, Razieh and {Leja}, Joel and {Li}, Yijia and {Maheson}, Gabriel and {Mathews}, Elijah P. and {Naidu}, Rohan P. and {Nelson}, Erica J. and {Tacchella}, Sandro and {Terrazas}, Bryan A. and {Weinberger}, Rainer},
	year         = 2024,
	month        = jun,
	journal      = {\nat},
	volume       = 630,
	number       = 8015,
	pages        = {54--58},
	doi          = {10.1038/s41586-024-07412-1},
	keywords     = {Astrophysics - Astrophysics of Galaxies},
	archiveprefix = {arXiv},
	eprint       = {2308.05795},
	primaryclass = {astro-ph.GA},
	adsurl       = {https://ui.adsabs.harvard.edu/abs/2024Natur.630...54B},
	adsnote      = {Provided by the SAO/NASA Astrophysics Data System}
}
@article{2012ApJ...745..179W,
	title        = {{A Large Population of Massive Compact Post-starburst Galaxies at z > 1: Implications for the Size Evolution and Quenching Mechanism of Quiescent Galaxies}},
	author       = {{Whitaker}, Katherine E. and {Kriek}, Mariska and {van Dokkum}, Pieter G. and {Bezanson}, Rachel and {Brammer}, Gabriel and {Franx}, Marijn and {Labb{\'e}}, Ivo},
	year         = 2012,
	month        = feb,
	journal      = {\apj},
	volume       = 745,
	number       = 2,
	pages        = 179,
	doi          = {10.1088/0004-637X/745/2/179},
	keywords     = {galaxies: evolution, galaxies: formation, galaxies: high-redshift, Astrophysics - Cosmology and Nongalactic Astrophysics, Astrophysics - Astrophysics of Galaxies},
	eid          = 179,
	archiveprefix = {arXiv},
	eprint       = {1112.0313},
	primaryclass = {astro-ph.CO},
	adsurl       = {https://ui.adsabs.harvard.edu/abs/2012ApJ...745..179W},
	adsnote      = {Provided by the SAO/NASA Astrophysics Data System}
}
@article{2019ApJ...874...17B,
	title        = {{MOSFIRE Spectroscopy of Quiescent Galaxies at 1.5 < z < 2.5. II. Star Formation Histories and Galaxy Quenching}},
	author       = {{Belli}, Sirio and {Newman}, Andrew B. and {Ellis}, Richard S.},
	year         = 2019,
	month        = mar,
	journal      = {\apj},
	volume       = 874,
	number       = 1,
	pages        = 17,
	doi          = {10.3847/1538-4357/ab07af},
	keywords     = {galaxies: evolution, galaxies: formation, galaxies: high-redshift, galaxies: stellar content, Astrophysics - Astrophysics of Galaxies},
	eid          = 17,
	archiveprefix = {arXiv},
	eprint       = {1810.00008},
	primaryclass = {astro-ph.GA},
	adsurl       = {https://ui.adsabs.harvard.edu/abs/2019ApJ...874...17B},
	adsnote      = {Provided by the SAO/NASA Astrophysics Data System}
}
@article{2024arXiv240605447R,
	title        = {{The PLATO Mission}},
	author       = {{Rauer}, Heike and {Aerts}, Conny and {Cabrera}, Juan and {Deleuil}, Magali and {Erikson}, Anders and {Gizon}, Laurent and {Goupil}, Mariejo and {Heras}, Ana and {Lorenzo-Alvarez}, Jose and {Marliani}, Filippo and {Martin-Garcia}, Cesar and {Mas-Hesse}, J. Miguel and {O'Rourke}, Laurence and {Osborn}, Hugh and {Pagano}, Isabella and {Piotto}, Giampaolo and {Pollacco}, Don and {Ragazzoni}, Roberto and {Ramsay}, Gavin and {Udry}, St{\'e}phane and {Appourchaux}, Thierry and {Benz}, Willy and {Brandeker}, Alexis and {G{\"u}del}, Manuel and {Janot-Pacheco}, Eduardo and {Kabath}, Petr and {Kjeldsen}, Hans and {Min}, Michiel and {Santos}, Nuno and {Smith}, Alan and {Suarez}, Juan-Carlos and {Werner}, Stephanie C. and {Aboudan}, Alessio and {Abreu}, Manuel and {Acu{\~n}a}, Lorena and {Adams}, Moritz and {Adibekyan}, Vardan and {Affer}, Laura and {Agneray}, Fran{\c{c}}ois and {Agnor}, Craig and {Aguirre B{\o}rsen-Koch}, Victor and {Ahmed}, Saad and {Aigrain}, Suzanne and {Al-Bahlawan}, Ashraf and {Alcacera Gil}, M de los Angeles and {Alei}, Eleonora and {Alencar}, Silvia and {Alexander}, Richard and {Alfonso-Garz{\'o}n}, Julia and {Alibert}, Yann and {Allende Prieto}, Carlos and {Almeida}, Leonardo and {Alonso Sobrino}, Roi and {Altavilla}, Giuseppe and {Althaus}, Christian and {Alonso Alvarez Trujillo}, Luis and {Amarsi}, Anish and {Ammler-von Eiff}, Matthias and {Am{\^o}res}, Eduardo and {Andrade}, Laerte and {Antoniadis-Karnavas}, Alexandros and {Ant{\'o}nio}, Carlos and {Aparicio del Moral}, Beatriz and {Appolloni}, Matteo and {Arena}, Claudio and {Armstrong}, David and {Aroca Aliaga}, Jose and {Asplund}, Martin and {Audenaert}, Jeroen and {Auricchio}, Natalia and {Avelino}, Pedro and {Baeke}, Ann and {Bailli{\'e}}, Kevin and {Balado}, Ana and {Balestra}, Andrea and {Ball}, Warrick and {Ballans}, Herve and {Ballot}, Jerome and {Barban}, Caroline and {Barbary}, Ga{\"e}le and {Barbieri}, Mauro and {Barcel{\'o} Forteza}, Sebasti{\`a} and {Barker}, Adrian and {Barklem}, Paul and {Barnes}, Sydney and {Barrado Navascues}, David and {Barragan}, Oscar and {Baruteau}, Cl{\'e}ment and {Basu}, Sarbani and {Baudin}, Frederic and {Baumeister}, Philipp and {Bayliss}, Daniel and {Bazot}, Michael and {Beck}, Paul G. and {Bedding}, Tim and {Belkacem}, Kevin and {Bellinger}, Earl and {Benatti}, Serena and {Benomar}, Othman and {B{\'e}rard}, Diane and {Bergemann}, Maria and {Bergomi}, Maria and {Bernardo}, Pierre and {Biazzo}, Katia and {Bignamini}, Andrea and {Bigot}, Lionel and {Billot}, Nicolas and {Binet}, Martin and {Biondi}, David and {Biondi}, Federico and {Birch}, Aaron C. and {Bitsch}, Bertram and {Bluhm Ceballos}, Paz Victoria and {B{\'o}di}, Attila and {Bogn{\'a}r}, Zs{\'o}fia and {Boisse}, Isabelle and {Bolmont}, Emeline and {Bonanno}, Alfio and {Bonavita}, Mariangela and {Bonfanti}, Andrea and {Bonfils}, Xavier and {Bonito}, Rosaria and {Bonomo}, Aldo Stefano and {B{\"o}rner}, Anko and {Boro Saikia}, Sudeshna and {Borreguero Mart{\'\i}n}, Elisa and {Borsa}, Francesco and {Borsato}, Luca and {Bossini}, Diego and {Bouchy}, Francois and {Bou{\'e}}, Gwena{\"e}l and {Boufleur}, Rodrigo and {Boumier}, Patrick and {Bourrier}, Vincent and {Bowman}, Dominic M. and {Bozzo}, Enrico and {Bradley}, Louisa and {Bray}, John and {Bressan}, Alessandro and {Breton}, Sylvain and {Brienza}, Daniele and {Brito}, Ana and {Brogi}, Matteo and {Brown}, Beverly and {Brown}, David and {Brun}, Allan Sacha and {Bruno}, Giovanni and {Bruns}, Michael and {Buchhave}, Lars A. and {Bugnet}, Lisa and {Buldgen}, Ga{\"e}l and {Burgess}, Patrick and {Busatta}, Andrea and {Busso}, Giorgia and {Buzasi}, Derek and {Caballero}, Jos{\'e} A. and {Cabral}, Alexandre and {Calderone}, Flavia and {Cameron}, Robert and {Cameron}, Andrew and {Campante}, Tiago and {Canto Martins}, Bruno Leonardo and {Cara}, Christophe and {Carone}, Ludmila and {Carrasco}, Josep Manel and {Casagrande}, Luca and {Casewell}, Sarah L. and {Cassisi}, Santi and {Castellani}, Marco and {Castro}, Matthieu and {Catala}, Claude and {Catal{\'a}n Fern{\'a}ndez}, Irene and {Catelan}, M{\'a}rcio and {Cegla}, Heather and {Cerruti}, Chiara and {Cessa}, Virginie and {Chadid}, Merieme and {Chaplin}, William and {Charpinet}, Stephane and {Chiappini}, Cristina and {Chiarucci}, Simone and {Chiavassa}, Andrea and {Chinellato}, Simonetta and {Chirulli}, Giovanni and {Christensen-Dalsgaard}, Jorgen and {Church}, Ross and {Claret}, Antonio and {Clarke}, Cathie and {Claudi}, Riccardo and {Clermont}, Lionel and {Coelho}, Hugo and {Coelho}, Joao and {Cogato}, Fabrizio and {Colom{\'e}}, Josep and {Condamin}, Mathieu and {Conseil}, Simon and {Corbard}, Thierry and {Correia}, Alexandre C.~M. and {Corsaro}, Enrico and {Cosentino}, Rosario and {Costes}, Jean and {Cottinelli}, Andrea and {Covone}, Giovanni and {Creevey}, Orlagh L. and {Crida}, Aurelien and {Csizmadia}, Szilard and {Cunha}, Margarida and {Curry}, Patrick and {da Costa}, Jefferson and {da Silva}, Francys and {Dalal}, Shweta and {Damasso}, Mario and {Damiani}, Cilia and {Damiani}, Francesco and {Liduina das Chagas}, Maria and {Davies}, Melvyn and {Davies}, Guy and {Davies}, Ben and {Davison}, Gary and {de Almeida}, Leandro and {de Angeli}, Francesca and {Cabral de Barros}, Susana Cristina and {de Castro Le{\~a}o}, Izan and {Brito de Freitas}, Daniel and {de Freitas}, Marcia Cristina and {De Martino}, Domitilla and {Renan de Medeiros}, Jos{\'e} and {de Paula}, Luiz Alberto and {de Plaa}, Jelle and {De Ridder}, Joris and {Deal}, Morgan and {Decin}, Leen and {Deeg}, Hans and {Degl'Innocenti}, Scilla and {Deheuvels}, Sebastien and {del Burgo}, Carlos and {Del Sordo}, Fabio and {Delgado-Mena}, Elisa and {Demangeon}, Olivier and {Denk}, Tilmann and {Derekas}, Aliz and {Desidera}, Silvano and {Dexet}, Marc and {Di Criscienzo}, Marcella and {Di Giorgio}, Anna Maria and {Di Mauro}, Maria Pia and {Diaz Rial}, Federico Jose and {D{\'\i}az-Garc{\'\i}a}, Jos{\'e}-Javier and {Dima}, Marco and {Dinuzzi}, Giacomo and {Dionatos}, Odysseas and {Distefano}, Elisa and {do Nascimento}, Jose-Dias, Jr. and {Domingo}, Albert and {D'Orazi}, Valentina and {Dorn}, Caroline and {Doyle}, Lauren and {Duarte}, Elena and {Ducellier}, Florent and {Dumaye}, Luc and {Dumusque}, Xavier and {Dupret}, Marc-Antoine and {Eggenberger}, Patrick and {Ehrenreich}, David and {Eigm{\"u}ller}, Philipp and {Eising}, Johannes and {Emilio}, Marcelo and {Eriksson}, Kjell and {Ermocida}, Marco and {Isidoro Escate Giribaldi}, Riano and {Eschen}, Yoshi and {Estrela}, In{\^e}s and {Evans}, Dafydd Wyn and {Fabbian}, Damian and {Fabrizio}, Michele and {Faria}, Jo{\~a}o Pedro and {Farina}, Maria and {Farinato}, Jacopo and {Feliz}, Dax and {Feltzing}, Sofia and {Fenouillet}, Thomas and {Ferrari}, Lorenza and {Ferraz-Mello}, Sylvio and {Fialho}, Fabio and {Fienga}, Agnes and {Figueira}, Pedro and {Fiori}, Laura and {Flaccomio}, Ettore and {Focardi}, Mauro and {Foley}, Steve and {Fontignie}, Jean and {Ford}, Dominic and {Fornazier}, Karin and {Forveille}, Thierry and {Fossati}, Luca and {de Marca Franca}, Rodrigo and {da Silva}, Lucas Franco and {Frasca}, Antonio and {Fridlund}, Malcolm and {Furlan}, Marco and {Gabler}, Sarah-Maria and {Gaido}, Marco and {Gallagher}, Andrew and {Galli}, Emanuele and {Garcia}, Rafael A. and {Garc{\'\i}a Hern{\'a}ndez}, Antonio and {Garcia Munoz}, Antonio and {Garc{\'\i}a-V{\'a}zquez}, Hugo and {Garrido Haba}, Rafael and {Gaulme}, Patrick and {Gauthier}, Nicolas and {Gehan}, Charlotte and {Gent}, Matthew and {Georgieva}, Iskra and {Ghigo}, Mauro and {Giana}, Edoardo and {Gill}, Samuel and {Girardi}, Leo and {Giuliatti Winter}, Silvia and {Giusi}, Giovanni and {Gomes da Silva}, Jo{\~a}o and {G{\'o}mez Zazo}, Luis Jorge and {Gomez-Lopez}, Juan Manuel and {Isai Gonz{\'a}lez Hern{\'a}ndez}, Jonay and {Gonzalez Murillo}, Kevin and {Gorius}, Nicolas and {Gouel}, Pierre-Vincent and {Goulty}, Duncan and {Granata}, Valentina and {Grenfell}, John Lee and {Grie{\ss}bach}, Denis and {Grolleau}, Emmanuel and {Grouffal}, Salom{\'e} and {Grziwa}, Sascha and {Guarcello}, Mario Giuseppe and {Gueguen}, Lo{\"\i}c and {Guenther}, Eike Wolf and {Guilhem}, Terrasa and {Guillerot}, Lucas and {Guiot}, Pierre and {Guterman}, Pascal and {Guti{\'e}rrez}, Antonio and {Guti{\'e}rrez-Canales}, Fernando and {Hagelberg}, Janis and {Haldemann}, Jonas and {Hall}, Cassandra and {Handberg}, Rasmus and {Harrison}, Ian and {Harrison}, Diana L. and {Hasiba}, Johann and {Haswell}, Carole A. and {Hatalova}, Petra and {Hatzes}, Artie and {Haywood}, Raphaelle and {H{\'e}brard}, Guillaume and {Heckes}, Frank and {Heiter}, Ulrike and {Hekker}, Saskia and {Heller}, Ren{\'e} and {Helling}, Christiane and {Helminiak}, Krzysztof and {Hemsley}, Simon and {Heng}, Kevin and {Hermans}, Aline and {Hermes}, JJ and {Hidalgo Torres}, Nadia and {Hinkel}, Natalie and {Hobbs}, David and {Hodgkin}, Simon and {Hofmann}, Karl and {Hojjatpanah}, Saeed and {Houdek}, G{\"u}nter and {Huber}, Daniel and {Huesler}, Joseph and {Hui-Bon-Hoa}, Alain and {Huygen}, Rik and {Huynh}, Duc-Dat and {Iro}, Nicolas and {Irwin}, Jonathan and {Irwin}, Mike and {Izidoro}, Andr{\'e} and {Jacquinod}, Sophie and {Emborg Jannsen}, Nicholas and {Janson}, Markus and {Jeszenszky}, Harald and {Jiang}, Chen and {Jos{\'e} Jimenez Mancebo}, Antonio and {Jofre}, Paula and {Johansen}, Anders and {Johnston}, Cole and {Jones}, Geraint and {Kallinger}, Thomas and {K{\'a}lm{\'a}n}, Szil{\'a}rd and {Kanitz}, Thomas and {Karjalainen}, Marie and {Karjalainen}, Raine and {Karoff}, Christoffer and {Kawaler}, Steven and {Kawata}, Daisuke and {Keereman}, Arnoud and {Keiderling}, David and {Kennedy}, Tom and {Kenworthy}, Matthew and {Kerschbaum}, Franz and {Kidger}, Mark and {Kiefer}, Flavien and {Kintziger}, Christian and {Kislyakova}, Kristina and {Kiss}, L{\'a}szl{\'o} and {Klagyivik}, Peter and {Klahr}, Hubert and {Klevas}, Jonas and {Kochukhov}, Oleg and {K{\"o}hler}, Ulrich and {Kolb}, Ulrich and {Koncz}, Alexander and {Korth}, Judith and {Kostogryz}, Nadiia and {Kov{\'a}cs}, G{\'a}bor and {Kov{\'a}cs}, J{\'o}zsef and {Kozhura}, Oleg and {Krivova}, Natalie and {Ku{\v{c}}inskas}, Arunas and {Kuhlemann}, Ilyas and {Kupka}, Friedrich and {Laauwen}, Wouter and {Labiano}, Alvaro and {Lagarde}, Nadege and {Laget}, Philippe and {Laky}, Gunter and {Lam}, Kristine Wai Fun and {Lambrechts}, Michiel and {Lammer}, Helmut and {Lanza}, Antonino Francesco and {Lanzafame}, Alessandro and {Lares Martiz}, Mariel and {Laskar}, Jacques and {Latter}, Henrik and {Lavanant}, Tony and {Lawrenson}, Alastair and {Lazzoni}, Cecilia and {Lebre}, Agnes and {Lebreton}, Yveline and {Lecavelier des Etangs}, Alain and {Leinhardt}, Zoe and {Leleu}, Adrien and {Lendl}, Monika and {Leto}, Giuseppe and {Levillain}, Yves and {Libert}, Anne-Sophie and {Lichtenberg}, Tim and {Ligi}, Roxanne and {Lignieres}, Francois and {Lillo-Box}, Jorge and {Linsky}, Jeffrey and {Scige Liu}, John and {Loidolt}, Dominik and {Longval}, Yuying and {Lopes}, Il{\'\i}dio and {Lorenzani}, Andrea and {Ludwig}, Hans-Guenter and {Lund}, Mikkel and {Sloth Lundkvist}, Mia and {Luri}, Xavier and {Maceroni}, Carla and {Madden}, Sean and {Madhusudhan}, Nikku and {Maggio}, Antonio and {Magliano}, Christian and {Magrin}, Demetrio and {Mahy}, Laurent and {Maibaum}, Olaf and {Malac-Allain}, LeeRoy and {Malapert}, Jean-Christophe and {Malavolta}, Luca and {Maldonado}, Jesus and {Mamonova}, Elena and {Manchon}, Louis and {Mann}, Andrew and {Mantovan}, Giacomo and {Marafatto}, Luca and {Marconi}, Marcella and {Mardling}, Rosemary and {Marigo}, Paola and {Marinoni}, Silvia and {Marques}, {\'E}rico and {Marques}, Joao Pedro and {Marrese}, Paola Maria and {Marshall}, Douglas and {Mart{\'\i}nez Perales}, Silvia and {Mary}, David and {Marzari}, Francesco and {Masana}, Eduard and {Mascher}, Andrina and {Mathis}, St{\'e}phane and {Mathur}, Savita and {Mattiuci Figueiredo}, Ana Carolina and {Maxted}, Pierre F.~L. and {Mazeh}, Tsevi and {Mazevet}, Stephane and {Mazzei}, Francesco and {McCormac}, James and {McMillan}, Paul and {Menou}, Lucas and {Merle}, Thibault and {Meru}, Farzana and {Mesa}, Dino and {Messina}, Sergio and {M{\'e}sz{\'a}ros}, Szabolcs and {Meunier}, Nad{\'e}ge and {Meunier}, Jean-Charles and {Micela}, Giuseppina and {Michaelis}, Harald and {Michel}, Eric and {Michielsen}, Mathias and {Michtchenko}, Tatiana and {Miglio}, Andrea and {Miguel}, Yamila and {Milligan}, David and {Mirouh}, Giovanni and {Mitchel}, Morgan and {Moedas}, Nuno and {Molendini}, Francesca and {Moln{\'a}r}, L{\'a}szl{\'o} and {Mombarg}, Joey and {Montalban}, Josefina and {Montalto}, Marco and {Monteiro}, M{\'a}rio J.~P.~F.~G. and {Morales}, Juan Carlos and {Morales-Calderon}, Maria and {Morbidelli}, Alessandro and {Mordasini}, Christoph and {Moreau}, Chrystel and {Morel}, Thierry and {Morello}, Guiseppe and {Morin}, Julien and {Mortier}, Annelies and {Mosser}, Beno{\^\i}t and {Mourard}, Denis and {Mousis}, Olivier and {Moutou}, Claire and {Mowlavi}, Nami and {Moya}, Andr{\'e}s and {Muehlmann}, Prisca and {Muirhead}, Philip and {Munari}, Matteo and {Musella}, Ilaria and {Mustill}, Alexander James and {Nardetto}, Nicolas and {Nardiello}, Domenico and {Narita}, Norio and {Nascimbeni}, Valerio and {Nash}, Anna and {Neiner}, Coralie and {Nelson}, Richard P. and {Nettelmann}, Nadine and {Nicolini}, Gianalfredo and {Nielsen}, Martin and {Niemi}, Sami-Matias and {Noack}, Lena and {Noels-Grotsch}, Arlette and {Noll}, Anthony and {Norazman}, Azib and {Norton}, Andrew J. and {Nsamba}, Benard and {Ofir}, Aviv and {Ogilvie}, Gordon and {Olander}, Terese and {Olivetto}, Christian and {Olofsson}, G{\"o}ran and {Ong}, Joel and {Ortolani}, Sergio and {Oshagh}, Mahmoudreza and {Ottacher}, Harald and {Ottensamer}, Roland and {Ouazzani}, Rhita-Maria and {Paardekooper}, Sijme-Jan and {Pace}, Emanuele and {Pajas}, Miriam and {Palacios}, Ana and {Palandri}, Gaelle and {Palle}, Enric and {Paproth}, Carsten and {Parro}, Vanderlei and {Parviainen}, Hannu and {Granado}, Javier Pascual and {Passegger}, Vera Maria and {Pastor-Morales}, Carmen and {P{\"a}tzold}, Martin and {Gade Pedersen}, May and {Pena Hidalgo}, David and {Pepe}, Francesco and {Pereira}, Filipe and {Persson}, Carina M. and {Pertenais}, Martin and {Peter}, Gisbert and {Petit}, Antoine C. and {Petit}, Pascal and {Pezzuto}, Stefano and {Pichierri}, Gabriele and {Pietrinferni}, Adriano and {Pinheiro}, Fernando and {Pinsonneault}, Marc and {Plachy}, Emese and {Plasson}, Philippe and {Plez}, Bertrand and {Poppenhaeger}, Katja and {Poretti}, Ennio and {Portaluri}, Elisa and {Portell}, Jordi and {Frederico Porto de Mello}, Gustavo and {Poyatos}, Julien and {Pozuelos}, Francisco J. and {Prada Moroni}, Pier Giorgio and {Pricopi}, Dumitru and {Prisinzano}, Loredana and {Quade}, Matthias and {Quirrenbach160}, ndreas and {Rabanal Reina6}, Julio Arturo and {Rabello Soares}, Maria Cristina and {Raimondo}, Gabriella and {Rainer}, Monica and {Ram{\'o}n Rod{\'o}n}, Jose and {Ram{\'o}n-Ballesta}, Alejandro and {Ramos Zapata}, Gonzalo and {R{\"a}tz}, Stefanie and {Rauterberg}, Christoph and {Redman}, Bob and {Redmer}, Ronald and {Reese}, Daniel and {Regibo}, Sara and {Reiners}, Ansgar and {Reinhold}, Timo and {Renie}, Christian and {Ribas}, Ignasi and {Ribeiro}, Sergio and {Pereira Ricciardi}, Thiago and {Rice}, Ken and {Richard}, Olivier and {Riello}, Marco and {Rieutord}, Michel and {Ripepi}, Vincenzo and {Rixon}, Guy and {Rockstein}, Steve and {Rodr{\'\i}guez}, Mar{\'\i}a Teresa Rodrigo and {Rodr{\'\i}guez D{\'\i}az}, Luisa Fernanda and {Rodriguez Garcia}, Juan Pablo and {Rodriguez-Gomez}, Julio and {Roehlly}, Yannick and {Roig}, Fernando and {Rojas-Ayala}, B{\'a}rbara and {Rolf}, Tobias and {Lysgaard R{\o}rsted}, Jakob and {Rosado}, Hugo and {Rosotti}, Giovanni and {Roth}, Olivier and {Roth}, Markus and {Rousseau}, Alex and {Roxburgh}, Ian and {Roy}, Fabrice and {Royer}, Pierre and {Ruane}, Kirk and {Rufini Mastropasqua}, Sergio and {Ruiz de Galarreta}, Claudia and {Russi}, Andrea and {Saar}, Steven and {Saillenfest}, Melaine and {Salaris}, Maurizio and {Salmon}, Sebastien and {Saltas}, Ippocratis and {Samadi}, R{\'e}za and {Samadi}, Aunia and {Samra}, Dominic and {Sanches da Silva}, Tiago and {Andr{\'e}s S{\'a}nchez Carrasco}, Miguel and {Santerne}, Alexandre and {Santoli}, Francesco and {Santos}, {\^A}ngela R.~G. and {Sanz Mesa}, Rosario and {Sarro}, Luis Manuel and {Scandariato}, Gaetano and {Sch{\"a}fer}, Martin and {Schlafly}, Edward and {Schmider}, Fran{\c{c}}ois-Xavier and {Schneider}, Jean and {Schou}, Jesper and {Schunker}, Hannah and {J{\"o}rg Schwarzkopf}, Gabriel and {Serenelli}, Aldo and {Seynaeve}, Dries and {Shan}, Yutong and {Shapiro}, Alexander and {Shipman}, Russel and {Sicilia}, Daniela and {Sierra Sanmartin}, Maria Angeles and {Sigot}, Axelle and {Silliman}, Kyle and {Silvotti}, Roberto and {Simon}, Attila E. and {Simoyama Napoli}, Ricardo and {Skarka}, Marek and {Smalley}, Barry and {Smiljanic}, Rodolfo and {Smit}, Samuel and {Smith}, Alexis and {Smith}, Leigh and {Snellen}, Ignas and {S{\'o}dor}, {\'A}d{\'a}m and {Sohl}, Frank and {Solanki}, Sami K. and {Sortino}, Francesca and {Sousa}, S{\'e}rgio and {Southworth}, John and {Souto}, Diogo and {Sozzetti}, Alessandro and {Stamatellos}, Dimitris and {Stassun}, Keivan and {Steller}, Manfred and {Stello}, Dennis and {Stelzer}, Beate and {Stiebeler}, Ulrike and {Stokholm}, Amalie and {Storelvmo}, Trude and {Strassmeier}, Klaus and {Str{\o}m}, Paul Anthony and {Strugarek}, Antoine and {Sulis}, Sophia and {{\v{S}}vanda}, Michal and {Szabados}, L{\'a}szl{\'o} and {Szab{\'o}}, R{\'o}bert and {Szab{\'o}}, Gyula M. and {Szuszkiewicz}, Ewa and {Talens}, Geert Jan and {Teti}, Daniele and {Theisen}, Tom and {Th{\'e}venin}, Fr{\'e}d{\'e}ric and {Thoul}, Anne and {Tiphene}, Didier and {Titz-Weider}, Ruth and {Tkachenko}, Andrew and {Tomecki}, Daniel and {Tonfat}, Jorge and {Tosi}, Nicola and {Trampedach}, Regner and {Traven}, Gregor and {Triaud}, Amaury and {Tr{\o}nnes}, Reidar and {Tsantaki}, Maria and {Tschentscher}, Matthias and {Turin}, Arnaud and {Tvaruzka}, Adam and {Ulmer}, Bernd and {Ulmer-Moll}, Sol{\`e}ne and {Ulusoy}, Ceren and {Umbriaco}, Gabriele and {Valencia}, Diana and {Valentini}, Marica and {Valio}, Adriana and {Valverde Guijarro}, {\'A}ngel Luis and {Van Eylen}, Vincent and {Van Grootel}, Valerie and {van Kempen}, Tim A. and {Van Reeth}, Timothy and {Van Zelst}, Iris and {Vandenbussche}, Bart and {Vasiliou}, Konstantinos and {Vasilyev}, Valeriy and {Vaz de Mascarenhas}, David and {Vazan}, Allona and {Vela Nunez}, Marina and {Nunes Velloso}, Eduardo and {Ventura}, Rita and {Ventura}, Paolo and {Venturini}, Julia and {Trallero}, Isabel Vera and {Veras}, Dimitri and {Verdugo}, Eva and {Verma}, Kuldeep and {Vibert}, Didier and {Vicanek Martinez}, Tobias and {Vida}, Kriszti{\'a}n and {Vigan}, Arthur and {Villacorta}, Antonio and {Villaver}, Eva and {Villaverde Aparicio}, Marcos and {Viotto}, Valentina and {Vorobyov}, Eduard and {Vorontsov}, Sergey and {Wagner}, Frank W. and {Walloschek}, Thomas and {Walton}, Nicholas and {Walton}, Dave and {Wang}, Haiyang and {Waters}, Rens and {Watson}, Christopher and {Wedemeyer}, Sven and {Weeks}, Angharad and {Weingril}, J{\"o}rg and {Weiss}, Annita and {Wendler}, Belinda and {West}, Richard and {Westerdorff}, Karsten and {Westphal}, Pierre-Amaury and {Wheatley}, Peter and {White}, Tim and {Whittaker}, Amadou and {Wickhusen}, Kai and {Wilson}, Thomas and {Windsor}, James and {Winter}, Othon and {Lykke Winther}, Mark and {Winton}, Alistair and {Witteck}, Ulrike and {Witzke}, Veronika and {Woitke}, Peter and {Wolter}, David and {Wuchterl}, G{\"u}nther and {Wyatt}, Mark and {Yang}, Dan and {Yu}, Jie and {Zanmar Sanchez}, Ricardo and {Rosa Zapatero Osorio}, Mar{\'\i}a and {Zechmeister}, Mathias and {Zhou}, Yixiao and {Ziemke}, Claas and {Zwintz}, Konstanze},
	year         = 2024,
	month        = jun,
	journal      = {arXiv e-prints},
	pages        = {arXiv:2406.05447},
	doi          = {10.48550/arXiv.2406.05447},
	keywords     = {Astrophysics - Instrumentation and Methods for Astrophysics, Astrophysics - Earth and Planetary Astrophysics, Astrophysics - Solar and Stellar Astrophysics},
	eid          = {arXiv:2406.05447},
	archiveprefix = {arXiv},
	eprint       = {2406.05447},
	primaryclass = {astro-ph.IM},
	adsurl       = {https://ui.adsabs.harvard.edu/abs/2024arXiv240605447R},
	adsnote      = {Provided by the SAO/NASA Astrophysics Data System}
}
@article{2018ApJS..239...32P,
	title        = {{The Second APOKASC Catalog: The Empirical Approach}},
	author       = {{Pinsonneault}, Marc H. and {Elsworth}, Yvonne P. and {Tayar}, Jamie and {Serenelli}, Aldo and {Stello}, Dennis and {Zinn}, Joel and {Mathur}, Savita and {Garc{\'\i}a}, Rafael A. and {Johnson}, Jennifer A. and {Hekker}, Saskia and {Huber}, Daniel and {Kallinger}, Thomas and {M{\'e}sz{\'a}ros}, Szabolcs and {Mosser}, Benoit and {Stassun}, Keivan and {Girardi}, L{\'e}o and {Rodrigues}, Tha{\'\i}se S. and {Silva Aguirre}, Victor and {An}, Deokkeun and {Basu}, Sarbani and {Chaplin}, William J. and {Corsaro}, Enrico and {Cunha}, Katia and {Garc{\'\i}a-Hern{\'a}ndez}, D.~A. and {Holtzman}, Jon and {J{\"o}nsson}, Henrik and {Shetrone}, Matthew and {Smith}, Verne V. and {Sobeck}, Jennifer S. and {Stringfellow}, Guy S. and {Zamora}, Olga and {Beers}, Timothy C. and {Fern{\'a}ndez-Trincado}, J.~G. and {Frinchaboy}, Peter M. and {Hearty}, Fred R. and {Nitschelm}, Christian},
	year         = 2018,
	month        = dec,
	journal      = {\apjs},
	volume       = 239,
	number       = 2,
	pages        = 32,
	doi          = {10.3847/1538-4365/aaebfd},
	keywords     = {stars: abundances, stars: fundamental parameters, stars: oscillations: including pulsations, Astrophysics - Solar and Stellar Astrophysics},
	eid          = 32,
	archiveprefix = {arXiv},
	eprint       = {1804.09983},
	primaryclass = {astro-ph.SR},
	adsurl       = {https://ui.adsabs.harvard.edu/abs/2018ApJS..239...32P},
	adsnote      = {Provided by the SAO/NASA Astrophysics Data System}
}
@article{2020MNRAS.498.2472K,
	title        = {{Kraken reveals itself - the merger history of the Milky Way reconstructed with the E-MOSAICS simulations}},
	author       = {{Kruijssen}, J.~M. Diederik and {Pfeffer}, Joel L. and {Chevance}, M{\'e}lanie and {Bonaca}, Ana and {Trujillo-Gomez}, Sebastian and {Bastian}, Nate and {Reina-Campos}, Marta and {Crain}, Robert A. and {Hughes}, Meghan E.},
	year         = 2020,
	month        = oct,
	journal      = {\mnras},
	volume       = 498,
	number       = 2,
	pages        = {2472--2491},
	doi          = {10.1093/mnras/staa2452},
	keywords     = {Galaxy: formation, globular clusters: general, galaxies: evolution, galaxies: formation, galaxies: haloes, galaxies: star formation, Astrophysics - Astrophysics of Galaxies},
	archiveprefix = {arXiv},
	eprint       = {2003.01119},
	primaryclass = {astro-ph.GA},
	adsurl       = {https://ui.adsabs.harvard.edu/abs/2020MNRAS.498.2472K},
	adsnote      = {Provided by the SAO/NASA Astrophysics Data System}
}
@article{1989AJ.....97..139L,
	title        = {{Kinematics and Chemical Properties of the Old Disk in the Galaxy}},
	author       = {{Lewis}, James R. and {Freeman}, K.~C.},
	year         = 1989,
	month        = jan,
	journal      = {\aj},
	volume       = 97,
	pages        = 139,
	doi          = {10.1086/114963},
	keywords     = {Astronomical Models, Cosmochemistry, Galactic Evolution, Galactic Structure, Milky Way Galaxy, Stellar Composition, Astronomical Photometry, Astronomical Spectroscopy, Metallicity, Radial Distribution, Star Formation Rate, Astrophysics, GALAXIES: THE GALAXY, STARS: LATE-TYPE},
	adsurl       = {https://ui.adsabs.harvard.edu/abs/1989AJ.....97..139L},
	adsnote      = {Provided by the SAO/NASA Astrophysics Data System}
}
@article{1986ApJ...309..472Q,
	title        = {{Sinking Satellites of Spiral Systems}},
	author       = {{Quinn}, P.~J. and {Goodman}, Jeremy},
	year         = 1986,
	month        = oct,
	journal      = {\apj},
	volume       = 309,
	pages        = 472,
	doi          = {10.1086/164619},
	keywords     = {Celestial Mechanics, Galactic Structure, Many Body Problem, Orbital Mechanics, Spiral Galaxies, Angular Momentum, Circular Orbits, Computational Astrophysics, Disks, Radii, Temporal Distribution, Astrophysics, GALAXIES: CLUSTERING, GALAXIES: STRUCTURE},
	adsurl       = {https://ui.adsabs.harvard.edu/abs/1986ApJ...309..472Q},
	adsnote      = {Provided by the SAO/NASA Astrophysics Data System}
}
@article{2003A&A...410..527B,
	title        = {{Elemental abundance trends in the Galactic thin and thick disks as traced by nearby F and G dwarf stars}},
	author       = {{Bensby}, T. and {Feltzing}, S. and {Lundstr{\"o}m}, I.},
	year         = 2003,
	month        = nov,
	journal      = {\aap},
	volume       = 410,
	pages        = {527--551},
	doi          = {10.1051/0004-6361:20031213},
	keywords     = {stars: fundamental parameters, stars: abundances, Galaxy: disk, Galaxy: formation, Galaxy: abundances, Galaxy: kinematics and dynamics},
	adsurl       = {https://ui.adsabs.harvard.edu/abs/2003A&A...410..527B},
	adsnote      = {Provided by the SAO/NASA Astrophysics Data System}
}
@article{1985AJ.....90.2015G,
	title        = {{The abundance distribution in the inner spheroid.}},
	author       = {{Gilmore}, G. and {Wyse}, R.~F.~G.},
	year         = 1985,
	month        = oct,
	journal      = {\aj},
	volume       = 90,
	pages        = {2015--2026},
	doi          = {10.1086/113907},
	keywords     = {Galactic Nuclei, Metallicity, Milky Way Galaxy, Star Distribution, Astronomical Photometry, Astronomical Spectroscopy, Disk Galaxies, Dwarf Stars, Spatial Distribution, Astrophysics},
	adsurl       = {https://ui.adsabs.harvard.edu/abs/1985AJ.....90.2015G},
	adsnote      = {Provided by the SAO/NASA Astrophysics Data System}
}
@article{1993ApJ...403...74Q,
	title        = {{Heating of Galactic Disks by Mergers}},
	author       = {{Quinn}, P.~J. and {Hernquist}, Lars and {Fullagar}, D.~P.},
	year         = 1993,
	month        = jan,
	journal      = {\apj},
	volume       = 403,
	pages        = 74,
	doi          = {10.1086/172184},
	keywords     = {Computational Astrophysics, Galactic Evolution, Galactic Structure, Interacting Galaxies, Spiral Galaxies, Abundance, Accretion Disks, Galactic Halos, Many Body Problem, Astrophysics, GALAXIES: INTERACTIONS, GALAXIES: KINEMATICS AND DYNAMICS, GALAXIES: SPIRAL},
	adsurl       = {https://ui.adsabs.harvard.edu/abs/1993ApJ...403...74Q},
	adsnote      = {Provided by the SAO/NASA Astrophysics Data System}
}
@article{1983MNRAS.202.1025G,
	title        = {{New light on faint stars - III. Galactic structure towards the South Pole and the Galactic thick disc.}},
	author       = {{Gilmore}, G. and {Reid}, N.},
	year         = 1983,
	month        = mar,
	journal      = {\mnras},
	volume       = 202,
	pages        = {1025--1047},
	doi          = {10.1093/mnras/202.4.1025},
	keywords     = {Galactic Structure, Southern Sky, Stellar Luminosity, Stellar Mass, Stellar Structure, Astronomical Photometry, Density Distribution, Metallicity, Star Distribution, Astrophysics},
	adsurl       = {https://ui.adsabs.harvard.edu/abs/1983MNRAS.202.1025G},
	adsnote      = {Provided by the SAO/NASA Astrophysics Data System}
}
@article{2013A&A...560A.109H,
	title        = {{The age structure of stellar populations in the solar vicinity. Clues of a two-phase formation history of the Milky Way disk}},
	author       = {{Haywood}, Misha and {Di Matteo}, Paola and {Lehnert}, Matthew D. and {Katz}, David and {G{\'o}mez}, Ana},
	year         = 2013,
	month        = dec,
	journal      = {\aap},
	volume       = 560,
	pages        = {A109},
	doi          = {10.1051/0004-6361/201321397},
	keywords     = {stars: abundances, stars: kinematics and dynamics, solar neighborhood, Galaxy: disk, Galaxy: formation, Galaxy: evolution, Astrophysics - Astrophysics of Galaxies},
	eid          = {A109},
	archiveprefix = {arXiv},
	eprint       = {1305.4663},
	primaryclass = {astro-ph.GA},
	adsurl       = {https://ui.adsabs.harvard.edu/abs/2013A&A...560A.109H},
	adsnote      = {Provided by the SAO/NASA Astrophysics Data System}
}
@article{2012ApJ...751..131B,
	title        = {{The Milky Way Has No Distinct Thick Disk}},
	author       = {{Bovy}, Jo and {Rix}, Hans-Walter and {Hogg}, David W.},
	year         = 2012,
	month        = jun,
	journal      = {\apj},
	volume       = 751,
	number       = 2,
	pages        = 131,
	doi          = {10.1088/0004-637X/751/2/131},
	keywords     = {Galaxy: abundances, Galaxy: disk, Galaxy: evolution, Galaxy: formation, Galaxy: fundamental parameters, Galaxy: structure, Astrophysics - Galaxy Astrophysics, Astrophysics - Cosmology and Extragalactic Astrophysics},
	eid          = 131,
	archiveprefix = {arXiv},
	eprint       = {1111.6585},
	primaryclass = {astro-ph.GA},
	adsurl       = {https://ui.adsabs.harvard.edu/abs/2012ApJ...751..131B},
	adsnote      = {Provided by the SAO/NASA Astrophysics Data System}
}
@article{10.1214/aos/1176346577,
	title        = {{The Dip Test of Unimodality}},
	author       = {J. A. Hartigan and P. M. Hartigan},
	year         = 1985,
	journal      = {The Annals of Statistics},
	publisher    = {Institute of Mathematical Statistics},
	volume       = 13,
	number       = 1,
	pages        = {70 -- 84},
	doi          = {10.1214/aos/1176346577},
	url          = {https://doi.org/10.1214/aos/1176346577},
	keywords     = {Empirical distribution, isotonic regression, multimodality}
}
@article{2019ApJ...871...21G,
	title        = {{A Quantification of the Butterfly Effect in Cosmological Simulations and Implications for Galaxy Scaling Relations}},
	author       = {{Genel}, Shy and {Bryan}, Greg L. and {Springel}, Volker and {Hernquist}, Lars and {Nelson}, Dylan and {Pillepich}, Annalisa and {Weinberger}, Rainer and {Pakmor}, R{\"u}diger and {Marinacci}, Federico and {Vogelsberger}, Mark},
	year         = 2019,
	month        = jan,
	journal      = {\apj},
	volume       = 871,
	number       = 1,
	pages        = 21,
	doi          = {10.3847/1538-4357/aaf4bb},
	keywords     = {chaos, cosmology: theory, galaxies: evolution, galaxies: formation, hydrodynamics, methods: numerical, Astrophysics - Astrophysics of Galaxies, Astrophysics - Instrumentation and Methods for Astrophysics},
	eid          = 21,
	archiveprefix = {arXiv},
	eprint       = {1807.07084},
	primaryclass = {astro-ph.GA},
	adsurl       = {https://ui.adsabs.harvard.edu/abs/2019ApJ...871...21G},
	adsnote      = {Provided by the SAO/NASA Astrophysics Data System}
}
@article{2015Sci...348..314T,
	title        = {{Evidence for mature bulges and an inside-out quenching phase 3 billion years after the Big Bang}},
	author       = {{Tacchella}, S. and {Carollo}, C.~M. and {Renzini}, A. and {F{\"o}rster Schreiber}, N.~M. and {Lang}, P. and {Wuyts}, S. and {Cresci}, G. and {Dekel}, A. and {Genzel}, R. and {Lilly}, S.~J. and {Mancini}, C. and {Newman}, S. and {Onodera}, M. and {Shapley}, A. and {Tacconi}, L. and {Woo}, J. and {Zamorani}, G.},
	year         = 2015,
	month        = apr,
	journal      = {Science},
	volume       = 348,
	number       = 6232,
	pages        = {314--317},
	doi          = {10.1126/science.1261094},
	keywords     = {ASTRONOMY, Astrophysics - Astrophysics of Galaxies},
	archiveprefix = {arXiv},
	eprint       = {1504.04021},
	primaryclass = {astro-ph.GA},
	adsurl       = {https://ui.adsabs.harvard.edu/abs/2015Sci...348..314T},
	adsnote      = {Provided by the SAO/NASA Astrophysics Data System}
}
@article{2019ApJ...872...50L,
	title        = {{SDSS-IV MaNGA: Inside-out versus Outside-in Quenching of Galaxies in Different Local Environments}},
	author       = {{Lin}, Lihwai and {Hsieh}, Bau-Ching and {Pan}, Hsi-An and {Rembold}, Sandro B. and {S{\'a}nchez}, Sebasti{\'a}n F. and {Argudo-Fern{\'a}ndez}, Maria and {Rowlands}, Kate and {Belfiore}, Francesco and {Bizyaev}, Dmitry and {Lacerna}, Ivan and {Riffel}, Rogr{\'e}io and {Rong}, Yu and {Yuan}, Fangting and {Drory}, Niv and {Maiolino}, Roberto and {Wilcots}, Eric},
	year         = 2019,
	month        = feb,
	journal      = {\apj},
	volume       = 872,
	number       = 1,
	pages        = 50,
	doi          = {10.3847/1538-4357/aafa84},
	keywords     = {galaxies: evolution, galaxies: general, galaxies: star formation, Astrophysics - Astrophysics of Galaxies},
	eid          = 50,
	archiveprefix = {arXiv},
	eprint       = {1901.05126},
	primaryclass = {astro-ph.GA},
	adsurl       = {https://ui.adsabs.harvard.edu/abs/2019ApJ...872...50L},
	adsnote      = {Provided by the SAO/NASA Astrophysics Data System}
}
@article{2003MNRAS.338...14P,
	title        = {{The inner structure of {\ensuremath{\Lambda}}CDM haloes - I. A numerical convergence study}},
	author       = {{Power}, C. and {Navarro}, J.~F. and {Jenkins}, A. and {Frenk}, C.~S. and {White}, S.~D.~M. and {Springel}, V. and {Stadel}, J. and {Quinn}, T.},
	year         = 2003,
	month        = jan,
	journal      = {\mnras},
	volume       = 338,
	number       = 1,
	pages        = {14--34},
	doi          = {10.1046/j.1365-8711.2003.05925.x},
	keywords     = {gravitation, cosmology: theory, dark matter, Astrophysics},
	archiveprefix = {arXiv},
	eprint       = {astro-ph/0201544},
	primaryclass = {astro-ph},
	adsurl       = {https://ui.adsabs.harvard.edu/abs/2003MNRAS.338...14P},
	adsnote      = {Provided by the SAO/NASA Astrophysics Data System}
}
@article{1986A&A...154..279M,
	title        = {{Relative roles of type I and II supernovae in the chemical enrichment of the interstellar gas}},
	author       = {{Matteucci}, F. and {Greggio}, L.},
	year         = 1986,
	month        = jan,
	journal      = {\aap},
	volume       = 154,
	number       = {1-2},
	pages        = {279--287},
	keywords     = {Chemical Evolution, Computational Astrophysics, Interstellar Gas, Nuclear Fusion, Supernovae, Galactic Evolution, Solar System, Stellar Evolution, Astrophysics},
	adsurl       = {https://ui.adsabs.harvard.edu/abs/1986A&A...154..279M},
	adsnote      = {Provided by the SAO/NASA Astrophysics Data System}
}
@article{1979ApJ...229.1046T,
	title        = {{Stellar lifetimes and abundance ratios in chemical evolution.}},
	author       = {{Tinsley}, B.~M.},
	year         = 1979,
	month        = may,
	journal      = {\apj},
	volume       = 229,
	pages        = {1046--1056},
	doi          = {10.1086/157039},
	keywords     = {Abundance, Chemical Evolution, Galactic Evolution, Life (Durability), Nuclear Fusion, Stellar Evolution, Carbon, Iron, Mass Ratios, Oxygen, Stellar Mass, Supernovae, Time Dependence, White Dwarf Stars, Astrophysics, Nucleosynthesis:Stellar Evolution},
	adsurl       = {https://ui.adsabs.harvard.edu/abs/1979ApJ...229.1046T},
	adsnote      = {Provided by the SAO/NASA Astrophysics Data System}
}
@article{2025ApJS..276...69P,
	title        = {{APOKASC-3: The Third Joint Spectroscopic and Asteroseismic Catalog for Evolved Stars in the Kepler Fields}},
	author       = {{Pinsonneault}, Marc H. and {Zinn}, Joel C. and {Tayar}, Jamie and {Serenelli}, Aldo and {Garc{\'\i}a}, Rafael A. and {Mathur}, Savita and {Vrard}, Mathieu and {Elsworth}, Yvonne P. and {Mosser}, Benoit and {Stello}, Dennis and {Bell}, Keaton J. and {Bugnet}, Lisa and {Corsaro}, Enrico and {Gaulme}, Patrick and {Hekker}, Saskia and {Hon}, Marc and {Huber}, Daniel and {Kallinger}, Thomas and {Cao}, Kaili and {Johnson}, Jennifer A. and {Liagre}, Bastien and {Patton}, Rachel A. and {Santos}, {\^A}ngela R.~G. and {Basu}, Sarbani and {Beck}, Paul G. and {Beers}, Timothy C. and {Chaplin}, William J. and {Cunha}, Katia and {Frinchaboy}, Peter M. and {Girardi}, L{\'e}o and {Godoy-Rivera}, Diego and {Holtzman}, Jon A. and {J{\"o}nsson}, Henrik and {M{\'e}sz{\'a}ros}, Szabolcs and {Reyes}, Claudia and {Rix}, Hans-Walter and {Shetrone}, Matthew and {Smith}, Verne V. and {Spoo}, Taylor and {Stassun}, Keivan G. and {Wang}, Ji},
	year         = 2025,
	month        = feb,
	journal      = {\apjs},
	volume       = 276,
	number       = 2,
	pages        = 69,
	doi          = {10.3847/1538-4365/ad9fef},
	keywords     = {Asteroseismology, Stellar evolution, Stellar ages, Stellar populations, Stellar pulsations, Stellar masses, 73, 1599, 1581, 1622, 1625, 1614, Astrophysics - Solar and Stellar Astrophysics},
	eid          = 69,
	archiveprefix = {arXiv},
	eprint       = {2410.00102},
	primaryclass = {astro-ph.SR},
	adsurl       = {https://ui.adsabs.harvard.edu/abs/2025ApJS..276...69P},
	adsnote      = {Provided by the SAO/NASA Astrophysics Data System}
}
@article{2012ApJ...753..148B,
	title        = {{The Spatial Structure of Mono-abundance Sub-populations of the Milky Way Disk}},
	author       = {{Bovy}, Jo and {Rix}, Hans-Walter and {Liu}, Chao and {Hogg}, David W. and {Beers}, Timothy C. and {Lee}, Young Sun},
	year         = 2012,
	month        = jul,
	journal      = {\apj},
	volume       = 753,
	number       = 2,
	pages        = 148,
	doi          = {10.1088/0004-637X/753/2/148},
	keywords     = {Galaxy: abundances, Galaxy: disk, Galaxy: evolution, Galaxy: formation, Galaxy: fundamental parameters, Galaxy: structure, Astrophysics - Galaxy Astrophysics},
	eid          = 148,
	archiveprefix = {arXiv},
	eprint       = {1111.1724},
	primaryclass = {astro-ph.GA},
	adsurl       = {https://ui.adsabs.harvard.edu/abs/2012ApJ...753..148B},
	adsnote      = {Provided by the SAO/NASA Astrophysics Data System}
}
@article{2010ARA&A..48..581S,
	title        = {{The Ages of Stars}},
	author       = {{Soderblom}, David R.},
	year         = 2010,
	month        = sep,
	journal      = {\araa},
	volume       = 48,
	pages        = {581--629},
	doi          = {10.1146/annurev-astro-081309-130806},
	keywords     = {Astrophysics - Solar and Stellar Astrophysics},
	archiveprefix = {arXiv},
	eprint       = {1003.6074},
	primaryclass = {astro-ph.SR},
	adsurl       = {https://ui.adsabs.harvard.edu/abs/2010ARA&A..48..581S},
	adsnote      = {Provided by the SAO/NASA Astrophysics Data System}
}
@article{2019ApJ...877...48C,
	title        = {{Rejuvenation in z {\ensuremath{\sim}} 0.8 Quiescent Galaxies in LEGA-C}},
	author       = {{Chauke}, Priscilla and {van der Wel}, Arjen and {Pacifici}, Camilla and {Bezanson}, Rachel and {Wu}, Po-Feng and {Gallazzi}, Anna and {Straatman}, Caroline and {Franx}, Marijn and {Bari{\v{s}}i{\'c}}, Ivana and {Bell}, Eric F. and {van Houdt}, Josha and {Maseda}, Michael V. and {Muzzin}, Adam and {Sobral}, David and {Spilker}, Justin},
	year         = 2019,
	month        = may,
	journal      = {\apj},
	volume       = 877,
	number       = 1,
	pages        = 48,
	doi          = {10.3847/1538-4357/ab164d},
	keywords     = {galaxies: evolution, galaxies: high-redshift, galaxies: star formation, Astrophysics - Astrophysics of Galaxies},
	eid          = 48,
	archiveprefix = {arXiv},
	eprint       = {1905.07541},
	primaryclass = {astro-ph.GA},
	adsurl       = {https://ui.adsabs.harvard.edu/abs/2019ApJ...877...48C},
	adsnote      = {Provided by the SAO/NASA Astrophysics Data System}
}
@article{2023A&A...671A..21J,
	title        = {{Cannibals in the thick disk. II. Radial-velocity monitoring of the young {\ensuremath{\alpha}}-rich stars}},
	author       = {{Jofr{\'e}}, P. and {Jorissen}, A. and {Aguilera-G{\'o}mez}, C. and {Van Eck}, S. and {Tayar}, J. and {Pinsonneault}, M. and {Zinn}, J. and {Goriely}, S. and {Van Winckel}, H.},
	year         = 2023,
	month        = mar,
	journal      = {\aap},
	volume       = 671,
	pages        = {A21},
	doi          = {10.1051/0004-6361/202244524},
	keywords     = {stars: abundances, stars: atmospheres, binaries: close, stars: evolution, Galaxy: stellar content, Galaxy: evolution, Astrophysics - Solar and Stellar Astrophysics, Astrophysics - Astrophysics of Galaxies},
	eid          = {A21},
	archiveprefix = {arXiv},
	eprint       = {2207.11084},
	primaryclass = {astro-ph.SR},
	adsurl       = {https://ui.adsabs.harvard.edu/abs/2023A&A...671A..21J},
	adsnote      = {Provided by the SAO/NASA Astrophysics Data System}
}
@article{2024arXiv241002962L,
	title        = {{Evidence of Truly Young high-$\alpha$ Dwarf Stars}},
	author       = {{Lu}, Yuxi and {Colman}, Isabel L. and {Sayeed}, Maryum and {Amard}, Louis and {Buder}, Sven and {Manea}, Catherine and {Hattori}, Soichiro and {Pinsonneault}, Marc H. and {Price-Whelan}, Adrian M. and {Bedell}, Megan and {Nidever}, David and {Johnson}, Jennifer A. and {Ness}, Melissa and {Angus}, Ruth and {Claytor}, Zachary R. and {Horta}, Danny and {Behmard}, Aida},
	year         = 2024,
	month        = oct,
	journal      = {arXiv e-prints},
	pages        = {arXiv:2410.02962},
	keywords     = {Astrophysics - Solar and Stellar Astrophysics, Astrophysics - Astrophysics of Galaxies},
	eid          = {arXiv:2410.02962},
	archiveprefix = {arXiv},
	eprint       = {2410.02962},
	primaryclass = {astro-ph.SR},
	adsurl       = {https://ui.adsabs.harvard.edu/abs/2024arXiv241002962L},
	adsnote      = {Provided by the SAO/NASA Astrophysics Data System}
}
@article{2015A&A...576L..12C,
	title        = {{Young [{\ensuremath{\alpha}}/Fe]-enhanced stars discovered by CoRoT and APOGEE: What is their origin?}},
	author       = {{Chiappini}, C. and {Anders}, F. and {Rodrigues}, T.~S. and {Miglio}, A. and {Montalb{\'a}n}, J. and {Mosser}, B. and {Girardi}, L. and {Valentini}, M. and {Noels}, A. and {Morel}, T. and {Minchev}, I. and {Steinmetz}, M. and {Santiago}, B.~X. and {Schultheis}, M. and {Martig}, M. and {da Costa}, L.~N. and {Maia}, M.~A.~G. and {Allende Prieto}, C. and {de Assis Peralta}, R. and {Hekker}, S. and {Theme{\ss}l}, N. and {Kallinger}, T. and {Garc{\'\i}a}, R.~A. and {Mathur}, S. and {Baudin}, F. and {Beers}, T.~C. and {Cunha}, K. and {Harding}, P. and {Holtzman}, J. and {Majewski}, S. and {M{\'e}sz{\'a}ros}, Sz. and {Nidever}, D. and {Pan}, K. and {Schiavon}, R.~P. and {Shetrone}, M.~D. and {Schneider}, D.~P. and {Stassun}, K.},
	year         = 2015,
	month        = apr,
	journal      = {\aap},
	volume       = 576,
	pages        = {L12},
	doi          = {10.1051/0004-6361/201525865},
	keywords     = {Galaxy: abundances, Galaxy: disk, Galaxy: formation, Galaxy: stellar content, stars: fundamental parameters, asteroseismology, Astrophysics - Solar and Stellar Astrophysics, Astrophysics - Astrophysics of Galaxies},
	eid          = {L12},
	archiveprefix = {arXiv},
	eprint       = {1503.06990},
	primaryclass = {astro-ph.SR},
	adsurl       = {https://ui.adsabs.harvard.edu/abs/2015A&A...576L..12C},
	adsnote      = {Provided by the SAO/NASA Astrophysics Data System}
}
@article{2023arXiv231105815S,
	title        = {{Imprints of Sagittarius accretion event: Young O-rich stars and discontinuous chemical evolution in Milky Way disc}},
	author       = {{Sun}, Tiancheng and {Bi}, Shaolan and {Chen}, Xunzhou and {Chen}, Yuqin and {Liu}, Chao and {Zhang}, Xianfei and {Li}, Tanda and {Li}, Yaguang and {Wu}, Yaqian and {Ge}, Zhishuai and {Ye}, Lifei},
	year         = 2023,
	month        = nov,
	journal      = {arXiv e-prints},
	pages        = {arXiv:2311.05815},
	doi          = {10.48550/arXiv.2311.05815},
	keywords     = {Astrophysics - Astrophysics of Galaxies, Astrophysics - Solar and Stellar Astrophysics},
	eid          = {arXiv:2311.05815},
	archiveprefix = {arXiv},
	eprint       = {2311.05815},
	primaryclass = {astro-ph.GA},
	adsurl       = {https://ui.adsabs.harvard.edu/abs/2023arXiv231105815S},
	adsnote      = {Provided by the SAO/NASA Astrophysics Data System}
}
@article{2023ApJ...956L..14K,
	title        = {{On the {\ensuremath{\alpha}}/Fe Bimodality of the M31 Disks}},
	author       = {{Kobayashi}, Chiaki and {Bhattacharya}, Souradeep and {Arnaboldi}, Magda and {Gerhard}, Ortwin},
	year         = 2023,
	month        = oct,
	journal      = {\apjl},
	volume       = 956,
	number       = 1,
	pages        = {L14},
	doi          = {10.3847/2041-8213/acf7c7},
	keywords     = {Andromeda Galaxy, Milky Way Galaxy, Chemical abundances, Planetary nebulae, Galaxy formation, Galaxy chemical evolution, James Webb Space Telescope, 39, 1054, 224, 1249, 595, 580, 2291, Astrophysics - Astrophysics of Galaxies, Astrophysics - High Energy Astrophysical Phenomena, Astrophysics - Solar and Stellar Astrophysics},
	eid          = {L14},
	archiveprefix = {arXiv},
	eprint       = {2309.01707},
	primaryclass = {astro-ph.GA},
	adsurl       = {https://ui.adsabs.harvard.edu/abs/2023ApJ...956L..14K},
	adsnote      = {Provided by the SAO/NASA Astrophysics Data System}
}
